brand,unit,unit_count
,EA,4653
,,3466
,200g,722
,PK,680
,500g,621
,400g,616
,454g,526
,300g,526
,250g,425
,500ml,403
,340g,400
,100g,393
,150g,347
,1l,343
,1ea,309
,LB,299
,375g,286
,450g,281
,1kg,255
,600g,244
,Current price: EA,239
,170g,238
,750g,232
,227g,230
,2l,218
,355ml,206
,240g,190
,175g,188
,350g,186
,473ml,180
,398ml,177
,250ml,172
,946ml,171
,900g,166
,BX,160
,120g,157
,650g,150
,180g,147
,125g,144
,800g,142
,907g,138
,320g,135
,Current price: LB,129
,EA,127
,680g,125
,1un,125
,750ml,123
,80g,120
,1.89l,119
,50g,114
,85g,111
,700g,111
,220g,111
,1.5l,110
,$6.59/1kg $2.99/1lb,110
,"                                                    EA
",105
,,
,2lbs,104
,280g,103
,350ml,99
,12 x 355ml,98
,160g,97
,360g,96
,225g,96
,540ml,94
,$5.49/1kg $2.49/1lb,94
,1.75l,91
,1 bunch,91
,450ml,90
,210g,90
,$4.39/1kg $1.99/1lb,90
,60g,87
,Sold individually,84
,140g,83
,113g,81
,110g,81
,90g,80
,70g,80
,142g,79
,425g,78
,$8.80/1kg $3.99/1lb,78
,908g,76
,4 x 100g,75
,380g,75
,284ml,74
,$11.00/1kg $4.99/1lb,73
,2kg,72
,"Previous price: 
Current price: EA",70
,,
,400ml,70
,275g,70
,190g,69
,200ml,68
,270g,66
,255g,66
,20 per pack,66
,480g,63
,$15.41/1kg $6.99/1lb,63
,$13.21/1kg $5.99/1lb,63
,675g,61
,300ml,61
,1.36kg,61
,1 per tray,61
,325g,60
,1.54l,60
,75g,59
,650ml,58
,540g,57
,284g,57
,130g,57
,40g,55
,($4.99 per item),55
,260g,54
,156g,53
,425ml,52
,235g,52
,12 per pack,52
,420g,51
,550g,50
,3lbs,49
,330g,49
,375ml,47
,3l,46
,312g,45
,30g,45
,283g,45
,390g,44
,$22.02/1kg $9.99/1lb,44
,230g,43
,198g,43
,510g,42
,410g,42
,226g,42
,45g,41
,1.5kg,41
,$9.90/1kg $4.49/1lb,41
,4l,40
,365g,40
,168g,40
,($3.99 per item),40
,55g,39
,($5.99 per item),39
,$5.99 ,38
,796ml,37
,65g,37
,515ml,37
,114g,37
,105g,37
,($1.99 per item),37
,850g,36
,4 x 355ml,36
,2.5lbs,36
,$2.84/1kg $1.29/1lb,36
,Sold in singles,35
,228g,35
,2 lb,35
,165g,35
,($2.49 per item),35
,900ml,34
,680ml,34
,6 x 222ml,34
,591ml,34
,35g,34
,32g,34
,155g,34
,1.2kg,34
,$24.23/1kg $10.99/1lb,34
,2 per tray,33
,1.36l,33
,$7.69/1kg $3.49/1lb,33
,$2.99 ,33
,48ml,32
,14g,32
,132g,32
,$3.99 ,32
,$19.82/1kg $8.99/1lb,32
,1lb,31
,145g,31
,440g,30
,341ml,30
,($4.49 per item),30
,($2.99 per item),30
,Current price: PK,29
,710ml,29
,410ml,29
,325ml,29
,3 lb,29
,128g,29
,460g,28
,285g,28
,$7.99 ,28
,475ml,27
,330ml,27
,3.5lbs,27
,290g,27
,108g,27
,1.4kg,27
,($3.49 per item),27
,$6.61/1kg $3.00/1lb,27
,$3.28/1kg $1.49/1lb,27
,57g,26
,480ml,26
,430g,26
,245g,26
,2.27kg,26
,2 per pack,26
,185g,26
,150ml,26
,12 x 100g,26
,890ml,25
,5kg,25
,397g,25
,336g,25
,24g,25
,184g,25
,141g,25
,1.42l,25
,$4.99 ,25
,560g,24
,370g,24
,340ml,24
,20g,24
,$26.43/1kg $11.99/1lb,24
,$2.18/1kg $0.99/1lb,24
,720g,23
,630g,23
,625g,23
,3 per pack,23
,135g,23
,1000g,23
,1.81kg,23
,828ml,22
,475g,22
,30 per pack,22
,213ml,22
,1pc,22
,($5.49 per item),22
,$1.99 ,22
,6 x 93ml,21
,6 x 330ml,21
,58g,21
,4lbs,21
,448g,21
,414ml,21
,252g,21
,24 per pack,21
,2.5kg,21
,$3.49 ,21
,$17.62/1kg $7.99/1lb,21
,Current price: BX,20
,8 x 200ml,20
,354ml,20
,315g,20
,296ml,20
,($1.49 per item),20
,$6.99 ,20
,99g,19
,567g,19
,42g,19
,4 x 99g,19
,37g,19
,185gx4,19
,10 per pack,19
,($1.79 per item),19
,8kg,18
,8 x 355ml,18
,624g,18
,6 x 710ml,18
,455ml,18
,4.54kg,18
,4 x 200ml,18
,368g,18
,326g,18
,310g,18
,28g,18
,275ml,18
,25g,18
,224g,18
,213g,18
,190ml,18
,115g,18
,1.13kg,18
,$4.41/1kg $2.00/1lb,18
,$3.73/1kg $1.69/1lb,18
,$28.64/1kg $12.99/1lb,18
,8 x 330ml,17
,780g,17
,525g,17
,48 per pack,17
,250mlx6,17
,18 per pack,17
,12s,17
,12oz,17
,($6.99 per item),17
,$8.98 ,17
,$3.95/1kg $1.79/1lb,17
,600ml,16
,520g,16
,5 lb,16
,38g,16
,330mlx6,16
,292g,16
,261g,16
,24 x 355ml,16
,2.63l,16
,133g,16
,125ml,16
,1.6l,16
,($0.99 per item),16
,$9.99 ,16
,$2.49 ,16
,$17.61/1kg $7.99/1lb,16
,96g,15
,960ml,15
,72g,15
,72 per pack,15
,700ml,15
,68g,15
,640g,15
,620g,15
,595g,15
,52g,15
,396g,15
,370ml,15
,342g,15
,106g,15
,100gx5,15
,1.8kg,15
,1.1kg,15
,1 pack,15
,0.225kg,15
,$10.99 ,15
,Sold in bunches,14
,840g,14
,78g,14
,66g,14
,6 x 500ml,14
,6 x 355ml,14
,6 x 113g,14
,6 per pack,14
,503ml,14
,4pcs,14
,445ml,14
,430ml,14
,415g,14
,384g,14
,354g,14
,295g,14
,225ml,14
,1.1l,14
,1 lb,14
,($1.29 per item),14
,$5.51/1kg $2.50/1lb,14
,$30.84/1kg $13.99/1lb,14
,$16.51/1kg $7.49/1lb,14
,6pcs,13
,580g,13
,"4pcs, Cold",13
,460ml,13
,43ml,13
,427g,13
,4 x 250ml,13
,4 per pack,13
,310ml,13
,208g,13
,187.5gx4,13
,16 per pack,13
,148g,13
,138g,13
,1.6kg,13
,$8.99 ,13
,$7.98 ,13
,$35.25/1kg $15.99/1lb,13
,$23.13/1kg $10.49/1lb,13
,$15.43/1kg $7.00/1lb,13
,$14.99 ,13
,each,12
,95g,12
,86g,12
,660g,12
,640ml,12
,490g,12
,4 per tray,12
,384ml,12
,341g,12
,290ml,12
,212ml,12
,195g,12
,153g,12
,15 per pack,12
,112g,12
,102g,12
,1.3kg,12
,1.18l,12
,$9.98 ,12
,$4.49 ,12
,$37.46/1kg $17.00/1lb,12
,$14.98 ,12
,$12.99 ,12
,$12.10/1kg $5.49/1lb,12
,8 x 300ml,11
,740g,11
,725g,11
,568g,11
,48g,11
,453g,11
,43g,11
,4 x 95g,11
,4 x 50g,11
,212g,11
,152g,11
,136g,11
,118g,11
,104g,11
,1000ml,11
,10 x 200ml,11
,1.25kg,11
,0.475kg,11
,($6.49 per item),11
,$5.49 ,11
,$41.87/1kg $19.00/1lb,11
,~3lbs,10
,956ml,10
,92g,10
,8pcs,10
,695ml,10
,64g,10
,648g,10
,610g,10
,60ml,10
,6 x 591ml,10
,6 per tray,10
,575g,10
,54g,10
,502ml,10
,496g,10
,482g,10
,439g,10
,4 x 125g,10
,383g,10
,369g,10
,34g,10
,33g,10
,303g,10
,26g,10
,265g,10
,264g,10
,240ml,10
,206g,10
,191g,10
,16 x 100g,10
,158g,10
,1500g,10
,144g,10
,129g,10
,120gx5,10
,116g,10
,100ml,10
,100 per pack,10
,1.5lbs,10
,1.4l,10
,0.5kg,10
,0.45kg,10
,0.13 - 0.18kg,10
,($7.99 per item),10
,$8.82/1kg $4.00/1lb,10
,$5.05/1kg $2.29/1lb,10
,$33.05/1kg $15.00/1lb,10
,$15.99 ,10
,PK,10
,~2lbs,9
,Raw,9
,80gx3,9
,8 x 93ml,9
,8 x 55ml,9
,794g,9
,63g,9
,60gx6,9
,590g,9
,580ml,9
,570g,9
,56g,9
,55gx2,9
,4kg,9
,468g,9
,432g,9
,39g,9
,345g,9
,333ml,9
,323g,9
,320ml,9
,270ml,9
,258g,9
,248g,9
,238g,9
,215g,9
,2.84l,9
,15lbs,9
,156ml,9
,130ml,9
,127g,9
,126g,9
,1.7kg,9
,$6.49 ,9
,$5.93/1kg $2.69/1lb,9
,$39.66/1kg $17.99/1lb,9
,$25.33/1kg $11.49/1lb,9
,$17.99 ,9
,$13.99 ,9
,950ml,8
,85gx5,8
,825g,8
,80gx4,8
,800ml,8
,73g,8
,710g,8
,69g,8
,60gx4,8
,6 x 60g,8
,6 x 250ml,8
,560ml,8
,550ml,8
,530ml,8
,520ml,8
,510ml,8
,485g,8
,444ml,8
,405ml,8
,4 x 120g,8
,390ml,8
,385g,8
,36g,8
,328g,8
,314ml,8
,311g,8
,30gx12,8
,3.18kg,8
,3 x 88ml,8
,26gx20,8
,269g,8
,260ml,8
,205g,8
,2.5l,8
,1bunch,8
,185ml,8
,177g,8
,16g,8
,121g,8
,12 x 68g,8
,100gx4,8
,1.9l,8
,0.375kg,8
,($5.29 per item),8
,($2.19 per item),8
,$8.36/1kg $3.79/1lb,8
,$48.48/1kg $22.00/1lb,8
,$29.74/1kg $13.49/1lb,8
,$2.50/100g,8
,$19.99 ,8
,$16.07/1kg $7.29/1lb,8
,$13.87/1kg $6.29/1lb,8
,$11.99 ,8
,~2.5lbs,7
,945ml,7
,90gx5,7
,88g,7
,80 per pack,7
,790g,7
,70gx5,7
,65gx4,7
,6 x 68g,7
,50gx4,7
,487ml,7
,47g,7
,470g,7
,455g,7
,44g,7
,420ml,7
,380ml,7
,355mlx12,7
,349g,7
,335g,7
,330gx6,7
,295ml,7
,288g,7
,285ml,7
,280ml,7
,27g,7
,276g,7
,272g,7
,20oz,7
,2.6lbs,7
,2.4lbs,7
,2.3kg,7
,2 chops per tray,7
,189g,7
,186g,7
,182g,7
,16oz,7
,1250g,7
,100mlx4,7
,10 lb,7
,1.6lbs,7
,1.5 lb,7
,1.12kg,7
,1.02kg,7
,($8.99 per item),7
,($6.29 per item),7
,($0.79 per item),7
,$7.49 ,7
,$5.49/1kg,7
,$46.27/1kg $20.99/1lb,7
,$4.37/1kg $1.98/1lb,7
,$3.98 ,7
,$3.31/1kg $1.50/1lb,7
,$27.54/1kg $12.50/1lb,7
,$24.99 ,7
,$2.00/100g,7
,$13.98 ,7
,"Previous price: 
Current price: PK",6
,,
,Collectibles Figures Gift for Kids #064 A,6
,A tray contains on average 450g,6
,994g,6
,93ml x 6,6
,905g,6
,85gx4,6
,852g,6
,830g,6
,815g,6
,8 x 100g,6
,8 per pack,6
,79g,6
,765g,6
,75gx5,6
,74g,6
,720ml,6
,62g,6
,620ml,6
,6 x 50g,6
,5gx30,6
,55gx5,6
,53g,6
,52ml,6
,515g,6
,50gx8,6
,50 per pack,6
,4un,6
,46g,6
,440ml,6
,41g,6
,418ml,6
,405g,6
,4 x 60ml,6
,4 x 58g,6
,4 x 473ml,6
,372g,6
,318g,6
,310mlx6,6
,305g,6
,3 x 72ml,6
,3 steaks per tray,6
,3 per tray,6
,2lb,6
,297g,6
,283ml,6
,242ml,6
,232g,6
,20gx20,6
,204g,6
,203g,6
,2 x 125g,6
,2 lb Bag,6
,1box,6
,176g,6
,150gx2,6
,148ml,6
,140ml,6
,131g,6
,124g,6
,1200g,6
,12 x 500ml,6
,10g,6
,105gx5,6
,104gx5,6
,100g x 4,6
,1 piece,6
,1 EA,6
,0.4kg,6
,0.3kg,6
,0.275kg,6
,0.25kg,6
,($2.29 per item),6
,($2.00 per item),6
,($1.69 per item),6
,($1.00 per item),6
,$68.32/1kg $31.00/1lb,6
,$6.98 ,6
,$44.07/1kg $20.00/1lb,6
,$4.14/1kg $1.88/1lb,6
,$20.99 ,6
,$2.98 ,6
,$18.72/1kg $8.49/1lb,6
,$11.02/1kg $5.00/1lb,6
,error,5
,A bag contains on average 1000g,5
,980g,5
,960g,5
,950g,5
,8g,5
,84g,5
,81g,5
,793g,5
,775g,5
,75gx6,5
,75g x 5,5
,730g,5
,70gx4,5
,6kg,5
,690g,5
,68mlx6,5
,642ml,5
,635g,5
,6 x 200ml,5
,6 x 156ml,5
,5lbs,5
,5g,5
,59.5g,5
,585g,5
,547ml,5
,545g,5
,532ml,5
,530g,5
,5 x 25g,5
,5 x 24g,5
,490ml,5
,464g,5
,458ml,5
,435g,5
,428ml,5
,402g,5
,4 x 330ml,5
,4 x 275ml,5
,4 x 140ml,5
,4 x 112.5ml,5
,4 x 107ml,5
,4 chops per tray,5
,35gx15,5
,355g,5
,344g,5
,343g,5
,324g,5
,31g,5
,317g,5
,306g,5
,300mlx6,5
,3000ml,5
,3 lb Bag,5
,29g,5
,28gx30,5
,28 x 50ml,5
,271g,5
,262g,5
,22g,5
,218ml,5
,215gx4,5
,200mlx6,5
,200gx2,5
,2 for,5
,192g,5
,18g,5
,1816g,5
,180ml,5
,180gx5,5
,180gx3,5
,174g,5
,170ml,5
,166g,5
,15lb,5
,15gx8,5
,15g,5
,159g,5
,14oz,5
,140gx5,5
,12g,5
,120gx4,5
,12 x 60g,5
,12 x 40g,5
,12 x 39g,5
,12 x 341ml,5
,1100g,5
,10s,5
,10kg,5
,101g,5
,100g x 8,5
,10 x 355ml,5
,10 x 20g,5
,1.8l,5
,1.66l,5
,1.35kg,5
,1 lb Bag,5
,0.95kg,5
,0.55kg,5
,0.34kg,5
,0.175kg,5
,0.12 - 0.24kg,5
,($4.79 per item),5
,($3.29 per item),5
,($1.89 per item),5
,($1.50 per item),5
,$8.55/1kg $3.88/1lb,5
,$8.49 ,5
,$6.81/1kg $3.09/1lb,5
,$6.15/1kg $2.79/1lb,5
,$57.30/1kg $26.00/1lb,5
,$3.90/1kg $1.77/1lb,5
,$20.92/1kg $9.49/1lb,5
,$2.59 ,5
,$19.58/1kg $8.88/1lb,5
,$14.30/1kg $6.49/1lb,5
,$10.34/1kg $4.69/1lb,5
,$1.50/100g,5
,$0.66/100g $6.59/1kg,5
,box,4
,Sold Individually,4
,"Raw, 24pcs",4
,Pack of 3,4
,A tray contains on average 1200g,4
,97g,4
,975g,4
,930g,4
,8oz,4
,870g,4
,860g,4
,808g,4
,8 x 35g,4
,8 x 150ml,4
,8 to 10 per tray,4
,792g,4
,768g,4
,760g,4
,75g x 3,4
,71g,4
,6lbs,4
,678g,4
,660ml,4
,65gx6,4
,648ml,4
,61g,4
,60gx2,4
,6 x 47g,4
,6 x 340ml,4
,6 x 111g,4
,6 x 100g,4
,6 un - 320g,4
,6 chops per tray,4
,593g,4
,588g,4
,565g,4
,55ml x 8,4
,53gx5,4
,535g,4
,528g,4
,51g,4
,516g,4
,5 x 40g,4
,5 x 35g,4
,5 x 200ml,4
,5 per tray,4
,4x100g,4
,469g,4
,45gx8,4
,437.5g,4
,436g,4
,423g,4
,40gx15,4
,408g,4
,400mlx3,4
,400 g - 4 bagels,4
,4.5kg,4
,4 x 75g,4
,4 x 55ml,4
,4 x 52g,4
,4 x 39g,4
,4 x 130ml,4
,4 x 113g,4
,4 slices per tray,4
,4 lb,4
,3un,4
,395g,4
,383ml,4
,374g,4
,365ml,4
,360gx6,4
,351g,4
,34gx10,4
,338g,4
,33.75g,4
,30gx30,4
,309g,4
,3 x 250ml,4
,3 x 135g,4
,3 x 100ml,4
,3 oz,4
,298g,4
,296g,4
,28.3g,4
,25pcs,4
,25gx15,4
,253g,4
,251g,4
,250mlx6packs,4
,24 x 500ml,4
,237ml,4
,234g,4
,230ml,4
,21g,4
,216 per pack,4
,215gx3,4
,20gx10,4
,200gx4,4
,2.2kg,4
,2 steaks per tray,4
,199g,4
,180gx4,4
,172g,4
,171g,4
,164g,4
,162g,4
,160ml,4
,16 x 45g,4
,157g,4
,154g,4
,150mlx5,4
,15 x 222ml,4
,13g,4
,137g,4
,12x38g,4
,123g,4
,12 x 60ml,4
,12 x 284ml,4
,11g,4
,119g,4
,117g,4
,10x38g,4
,107g,4
,10 x 180ml,4
,1.8lbs,4
,1.28kg,4
,1.23l,4
,1.05kg,4
,1 roast per tray,4
,1 chop per tray,4
,0.6kg,4
,0.425kg,4
,0.35kg,4
,0.2kg,4
,($5.79 per item),4
,($2.79 per item),4
,($2.39 per item),4
,($1.39 per item),4
,($1.19 per item),4
,($0.89 per item),4
,$9.24/1kg $4.19/1lb,4
,$88.88 ,4
,$6.69 ,4
,$50.68/1kg $22.99/1lb,4
,$42.99 ,4
,$38.56/1kg $17.50/1lb,4
,$3.48 ,4
,$29.99 ,4
,$28.99 ,4
,$27.98 ,4
,$25.98 ,4
,$23.99 ,4
,$18.99 ,4
,$17.37/1kg $7.88/1lb,4
,$16.98 ,4
,$14.31/1kg $6.49/1lb,4
,$12.98 ,4
,$11.98 ,4
,$11.49 ,4
,$10.52/1kg $4.77/1lb,4
,$1.49 ,4
,$0.88/100g $8.80/1kg,4
,Size 21-25,3
,"Previous price: 
Current price: BX",3
,,
,ON/QC: 190g; BC/AB: 310g,3
,Half,3
,"Cold, 6pcs",3
,"Cold, 650ml",3
,Cold,3
,Around 1 fillet per tray,3
,95gx4,3
,94g,3
,93g,3
,925g,3
,920g,3
,906g,3
,9 x 40g,3
,880g,3
,875g,3
,845g,3
,820g,3
,816g,3
,80g x 4,3
,8 x 56g,3
,77g,3
,774g,3
,765ml,3
,756g,3
,754g,3
,744g,3
,738g,3
,737g,3
,715g,3
,709g,3
,708g,3
,6x70g,3
,6x65g,3
,6x300.0g,3
,6s,3
,684g,3
,681g,3
,641g,3
,638g,3
,628g,3
,615g,3
,612g,3
,60gx8,3
,60gx5,3
,601g,3
,60 per pack,3
,6 x 82g,3
,6 x 75g,3
,6 x 63ml,3
,6 x 57g,3
,6 x 38g,3
,6 x 28g,3
,5gx12,3
,591g,3
,582g,3
,576g,3
,552g,3
,52.5g,3
,50ml,3
,50gx10,3
,504g,3
,500ea,3
,5 x 36g,3
,5 x 15g,3
,5 x 140ml,3
,5 per pack,3
,4x80g,3
,49g,3
,488g,3
,485ml,3
,456 g - 4 bagels,3
,454x454.0g,3
,452g,3
,446g,3
,426g,3
,422g,3
,418g,3
,412g,3
,411g,3
,40ml,3
,40gx12,3
,40 per pack,3
,4.5gx10,3
,4 x 56.75g,3
,4 x 135ml,3
,4 x 106g,3
,4 units per package,3
,3kg,3
,38gx15,3
,378g,3
,376g,3
,369ml,3
,36 per pack,3
,35gx4,3
,35gx12,3
,353g,3
,348ml,3
,345ml,3
,332ml,3
,319g,3
,315ml,3
,313g,3
,30gx4,3
,30gx14pcs,3
,308g,3
,3.78l,3
,3.63kg,3
,3 x 80g,3
,3 x 78g,3
,2x140g,3
,2ea,3
,28gx12,3
,280mlx3,3
,27.5g,3
,27 x 150ml,3
,268g,3
,263g,3
,25ml,3
,256g,3
,250g x 5,3
,247g,3
,240mlx6,3
,24.6g,3
,24 x 0.591l,3
,217g,3
,216g,3
,207ml,3
,201g,3
,200ml x 4,3
,20 x 11g,3
,20 x 112.5ml,3
,2.26kg,3
,2.25kg,3
,2 x 95g,3
,1bag,3
,194g,3
,18x16g,3
,18s,3
,18gx5,3
,18gx30,3
,18gx20,3
,188g,3
,18 x 75ml,3
,18 pcs,3
,178g,3
,177ml,3
,16pcs,3
,165ml,3
,16 x 48g,3
,150ml x 4,3
,1500ml,3
,15 x 50g,3
,148gx4,3
,144 per pack,3
,142ml,3
,14 per pack,3
,134g,3
,130gx4,3
,122g,3
,12 x 9g,3
,12 x 50g,3
,12 x 340ml,3
,12 x 25g,3
,12 x 20g,3
,12 x 120ml,3
,12 un - 240g,3
,1170g,3
,113.5g,3
,1120g,3
,110gx4,3
,10pcs,3
,10oz,3
,100ml x 4,3
,100g x 16,3
,10 x 50ml,3
,10 x 25g,3
,1.77l,3
,1.75kg,3
,1.675kg,3
,1.65l,3
,1.65kg,3
,1.225kg,3
,1.175kg,3
,1.15kg,3
,1.08kg,3
,1.01kg,3
,1 lb bag,3
,1 breast per tray,3
,1 bag,3
,1 Tray,3
,1,3
,0.9kg,3
,0.85kg,3
,0.7kg,3
,0.65kg,3
,0.625kg,3
,0.325kg,3
,0.15kg,3
,0.142kg,3
,($9.99 per item),3
,($50.00 per item),3
,($4.29 per item),3
,($3.79 per item),3
,($2.59 per item),3
,($11.99 per item),3
,($0.88 per item),3
,$8.14/1kg $3.69/1lb,3
,$7.69/1kg,3
,$7.03/1kg $3.19/1lb,3
,$63.91/1kg $29.00/1lb,3
,$6.79 ,3
,$6.59/1kg,3
,$6.35/1kg $2.88/1lb,3
,$6.29 ,3
,$55.09/1kg $25.00/1lb,3
,$50.69/1kg $23.00/1lb,3
,$5.98 ,3
,$5.51/100g $55.09/1kg,3
,$46.28/1kg $21.00/1lb,3
,$45.17/1kg $20.49/1lb,3
,$4.98 ,3
,$39.99 ,3
,$37.99 ,3
,$36.35/1kg $16.49/1lb,3
,$28.63/1kg $12.99/1lb,3
,$25.99 ,3
,$25.76/1kg $11.69/1lb,3
,$24.67/1kg $11.19/1lb,3
,$22.99 ,3
,$21.99 ,3
,$15.98 ,3
,$14.97/1kg $6.79/1lb,3
,$11.00/1kg,3
,$1.98 ,3
,$1.94/1kg $0.88/1lb,3
,$1.32/100g $13.21/1kg,3
,$1.21/100g $12.10/1kg,3
,$1.10/100g $11.00/1kg,3
,~4lbs,2
,~1lb,2
,~1.5lbs,2
,pack,2
,lb,2
,bag,2
,Yellow,2
,Whole,2
,White,2
,Slow Cooker Liner Saucepan Divider Slow Cooker Liner Easy Clean Nonstick Pan for Indoor/Outdoor,2
,Silica gel Yilush,2
,Silica gel Akmoler,2
,Reusable Popsicle Holder With Slotted Popsicle,2
,Ready To Cook,2
,"Raw, 8pcs",2
,Popsicle Holders Bags Reusable Washable Ice Popsicle Holders 10pc Rwvbm,2
,Pack of 4,2
,Pack of 20,2
,Original With Sesame 75g,2
,No condiments included,2
,"Hot, Large",2
,"Hot, 4pcs",2
,Garlic 1kg,2
,Fresh,2
,Flash Deals,2
,FLAVOURED SANDWICH BISCUITS,2
,Each,2
,E-ALTRA SHWAMA,2
,Cream 500g,2
,Butter,2
,Bag of 6,2
,Around 3 fillets per tray,2
,Around 2 fillets per tray,2
,Approximately 5 tomatoes per cluster,2
,A tray contains on average 400g,2
,9oz,2
,995g,2
,990g,2
,98g,2
,95.83gx6,2
,948g,2
,940ml,2
,93mlx6,2
,920ml,2
,90mlx6,2
,904g,2
,88ml x 3,2
,88gx5,2
,87g,2
,860ml,2
,85ml x 6,2
,850ml,2
,83g,2
,835g,2
,828g,2
,810g,2
,80ml x 5,2
,80ml x 4,2
,8 x 42.5g,2
,8 x 250ml,2
,8 x 21g,2
,8 x 120ml,2
,8 un - 450g,2
,8 un - 375g,2
,8 un - 350g,2
,8 un - 340g,2
,8 bars,2
,7x1.0ea,2
,7oz,2
,7g,2
,795g,2
,788g,2
,785g,2
,772g,2
,770g,2
,75mlx6,2
,739ml,2
,736g,2
,72mlx3,2
,72gx5,2
,71gx5,2
,714ml,2
,711g,2
,70gx6,2
,70gx3,2
,70g x 6,2
,70g x 5,2
,704g,2
,6x1.0ea,2
,6ea,2
,699g,2
,696g,2
,695g,2
,693g,2
,668g,2
,665g,2
,65ml x 6,2
,65gx10,2
,65.7g,2
,645ml,2
,645g,2
,637g,2
,635ml,2
,631g,2
,630ml,2
,628ml,2
,619g,2
,618g,2
,616g,2
,60g x 5,2
,608g,2
,604g,2
,6.8kg,2
,6 x 94g,2
,6 x 88ml,2
,6 x 71g,2
,6 x 66.667g,2
,6 x 62.5g,2
,6 x 48g,2
,6 x 46g,2
,6 x 42g,2
,6 x 26g,2
,6 x 237ml,2
,6 x 236ml,2
,6 x 20g,2
,6 x 1l,2
,6 x 170g,2
,6 thighs per tray,2
,6 oz,2
,6 cookies x 76g,2
,6 cookies,2
,5x140.0g,2
,5x120.0g,2
,5pcs,2
,5gx24,2
,594g,2
,57ml,2
,570ml,2
,562g,2
,56.7g,2
,55ml x 4,2
,55ml,2
,55gx8,2
,55gx6,2
,544g,2
,539g,2
,535ml,2
,53.6g,2
,526g,2
,518g,2
,511g,2
,50gx6,2
,50Pc,2
,505g,2
,501g,2
,5 x 72ml,2
,5 x 48g,2
,5 x 35 g bars,2
,5 units per package,2
,5 sausages per tray,2
,5 drumsticks per tray,2
,5 breasts per tray,2
,4x75.0g,2
,4x25g,2
,4x1.0ea,2
,4lb,2
,492g,2
,488ml,2
,481g,2
,470ml,2
,46ml,2
,466g,2
,462g+30ml,2
,45mlx6,2
,45gx6,2
,456g,2
,455mlx6,2
,450 g,2
,443ml,2
,44 x 18.75g,2
,431g,2
,42gx4,2
,42gx10,2
,428g,2
,414g,2
,406g,2
,404ml,2
,404g,2
,4.26l,2
,4 x 96g,2
,4 x 90ml,2
,4 x 89g,2
,4 x 57g,2
,4 x 45g,2
,4 x 43g,2
,4 x 41g,2
,4 x 37g,2
,4 x 28.25g,2
,4 x 125ml,2
,4 x 120ml,2
,4 x 110g,2
,4 un - 550g,2
,4 un - 320g,2
,4 sausages per tray,2
,4 cutlets per tray,2
,399g,2
,398g,2
,394ml,2
,393g,2
,392g,2
,391g,2
,375gx6,2
,375g x 3,2
,360ml,2
,35gx8,2
,35gx6,2
,352g,2
,350mlx6,2
,348g,2
,346g,2
,33gx4,2
,339g,2
,337g,2
,333g,2
,32gx20,2
,329g,2
,30s,2
,306ml,2
,304ml,2
,304g,2
,301g,2
,300 per pack,2
,3.6gx9,2
,3 x 94g,2
,3 x 90ml,2
,3 x 82g,2
,3 x 29g,2
,3 x 200ml,2
,3 units per package,2
,3 to 4 units per tray,2
,3 sausages per tray,2
,3 peppers per package,2
,3 pack,2
,3 cutlets per tray,2
,3 chops per tray,2
,3 breasts per tray,2
,3 Lb,2
,2x65g,2
,2x120g,2
,2x110g,2
,2x1.0ea,2
,2gx20,2
,291g,2
,290mlx6,2
,283.5g,2
,282g,2
,279g,2
,274g,2
,267g,2
,265ml,2
,25un,2
,25gx4,2
,25gx14 packs,2
,257g,2
,253gx5,2
,252gx6,2
,250mlx12,2
,250gx5,2
,250gx2,2
,25 x 12g,2
,25 Count,2
,"24pcs,600g",2
,245ml,2
,243ml,2
,241g,2
,23gx20,2
,23gx10,2
,23g,2
,238ml,2
,237g,2
,236ml,2
,235ml,2
,233gx3,2
,22pcs,2
,223g,2
,221g,2
,22 x 18.636g,2
,21s,2
,216ml,2
,20pcs,2
,202g,2
,200mlx3,2
,2000ml,2
,2000g,2
,200 per pack,2
,20 x 11.5g,2
,2.7kg,2
,2.54l,2
,2.2lbs,2
,2-3 oz,2
,2 x 42g,2
,2 x 143g,2
,2 x 142g,2
,2 units per package,2
,2 tournedos per tray,2
,2 scallopini per tray,2
,2 pack,2
,"2 for
EA",2
,,
,1pc 60g,2
,1pack,2
,1lx2,2
,19gx15s,2
,193g,2
,190mlx12,2
,19.8g,2
,187g,2
,186ml,2
,18 x 19.5g,2
,17g,2
,175gx4,2
,16gx20,2
,169g,2
,1680g,2
,167g,2
,163ml,2
,162gx5,2
,161gx5,2
,15s,2
,15pcs,2
,151.2g,2
,148gx5,2
,143g,2
,140ml x 4,2
,14 T-Discs,2
,139gx5,2
,139g,2
,135ml x 4,2
,135gx5,2
,134gx4,2
,130gx5,2
,1300g,2
,12x355ml,2
,12pcs,2
,129gx5,2
,128gx5,2
,125gx4,2
,125gx2,2
,124gx5,2
,1222g,2
,120g x 4,2
,12 x 99.167g,2
,12 x 95g,2
,12 x 80g,2
,12 x 50ml,2
,12 x 40ml,2
,12 x 21g,2
,12 x 200ml,2
,12 x 19g,2
,12 x 15g,2
,12 x 10.5g,2
,12 oz,2
,12 Slices,2
,11lbs,2
,116gx5,2
,114gX6,2
,111gx5,2
,111gx4,2
,111g,2
,10x25g,2
,10lbs,2
,10lb,2
,109g,2
,1040g,2
,100ml Ice Cream,2
,10 x 82g,2
,10 x 65ml,2
,10 x 3.5g,2
,10 x 22g,2
,10 x 100g,2
,10 oz,2
,10 lb Bag,2
,1.9kg,2
,1.814kg,2
,1.575kg,2
,1.52kg,2
,1.425kg,2
,1.25l,2
,1.152kg,2
,1.092kg,2
,1-1.25 lb,2
,1 steak per tray,2
,1 portion per tray,2
,1 leg per tray,2
,1 fillet per tray,2
,1 duck per tray,2
,0.9l,2
,0.6lbs,2
,0.63 - 1.00kg,2
,0.525kg,2
,0.465kg,2
,0.40 - 1.00kg,2
,0.28kg,2
,0.25 - 0.26kg,2
,0.11 - 0.14kg,2
,($60.00 per item),2
,($5.97 per item),2
,($40.00 per item),2
,($4.97 per item),2
,($3.97 per item),2
,($3.88 per item),2
,($3.59 per item),2
,($3.47 per item),2
,($3.19 per item),2
,($26.99 per item),2
,($2.69 per item),2
,($2.47 per item),2
,($10.99 per item),2
,($1.97 per item),2
,($1.77 per item),2
,($1.59 per item),2
,($0.77 per item),2
,($0.69 per item),2
,($0.59 per item),2
,($0.37 per item),2
,$99.99 ,2
,$94.78/1kg $43.00/1lb,2
,$9.49 ,2
,$8.88 ,2
,$8.75/1kg $3.97/1lb,2
,$8.48 ,2
,$79.34/1kg $36.00/1lb,2
,$77.14/1kg $35.00/1lb,2
,$70.53/1kg $32.00/1lb,2
,$7.48 ,2
,$66.12/1kg $30.00/1lb,2
,$63.03/1kg $28.60/1lb,2
,$61.71/1kg $28.00/1lb,2
,$52.89/1kg $24.00/1lb,2
,$5.50 ,2
,$49.99 ,2
,$49.90/1kg $22.64/1lb,2
,$49.58/1kg $22.50/1lb,2
,$49.57/1kg $22.49/1lb,2
,$45.99 ,2
,$42.96/1kg $19.49/1lb,2
,$40.75/1kg $18.49/1lb,2
,$4.99/100g $22.64/1lb,2
,"$4.49
EA",2
,,
,$4.39/1kg,2
,$4.29 ,2
,$4.26/1kg $1.93/1lb,2
,$4.26/1kg,2
,$39.90/1kg $18.10/1lb,2
,$36.36/1kg $16.50/1lb,2
,$34.60/1kg $15.70/1lb,2
,$32.99 ,2
,$32.39/1kg $14.70/1lb,2
,$30.99 ,2
,$3.17/1kg $1.44/1lb,2
,$3.06/1kg $1.39/1lb,2
,$27.99 ,2
,$26.99 ,2
,$26.43/1kg,2
,$26.19/1kg $11.88/1lb,2
,$24.98 ,2
,$24.22/1kg $10.99/1lb,2
,$22.98 ,2
,$21.78/1kg $9.88/1lb,2
,$21.58/1kg $9.79/1lb,2
,$2.80/1kg $1.27/1lb,2
,$2.62/1kg $1.19/1lb,2
,$2.16/1kg $0.98/1lb,2
,$19.98 ,2
,$19.90/1kg,2
,$18.28/1kg $8.29/1lb,2
,$17.98 ,2
,$17.59/1kg $7.98/1lb,2
,$17.17/1kg $7.79/1lb,2
,$16.29/1kg $7.39/1lb,2
,$15.88 ,2
,$15.40/1kg $6.99/1lb,2
,$15.17/1kg $6.88/1lb,2
,$14.90/1kg $6.76/1lb,2
,$13.48 ,2
,$13.23/1kg $6.00/1lb,2
,$13.22/1kg $6.00/1lb,2
,$13.20/1kg $5.99/1lb,2
,$12.99/1kg $5.89/1lb,2
,$11.66/1kg $5.29/1lb,2
,$11.44/1kg $5.19/1lb,2
,$10.98 ,2
,$10.76/1kg $4.88/1lb,2
,$10.56/1kg $4.79/1lb,2
,$10.49 ,2
,$10.27/1kg $4.66/1lb,2
,$10.12/1kg $4.59/1lb,2
,$1.99/1lb,2
,$1.79 ,2
,$1.59 ,2
,$1.54/100g $15.41/1kg,2
,$1.52/1kg $0.69/1lb,2
,$1.50/1kg $0.68/1lb,2
,$1.30/1kg $0.59/1lb,2
,$1.30/100g,2
,$1.21/100g $5.49/1lb,2
,$1.10/100g $4.99/1lb,2
,"                                                    PK
",2
,,
,"                                                    LB
",2
,,
,"                                                    BX
",2
,,
,"                                                                                                                $4.49
EA
",2
,,
,? Cooks in 3 minutes,1
,~9lbs,1
,~7lbs,1
,~5lbs,1
,~5.5lbs,1
,~400g,1
,~4.5lbs,1
,~3lbs Before Cleaning,1
,~3-4lbs,1
,"~2lbs, Boneless",1
,~2lbs Before Cleaning,1
,~2.5lbs/Pack,1
,~2.2lbs,1
,~2-4lbs,1
,~2 - 3.5lbs,1
,"~1lb Before Cleaning, min 2lbs",1
,~1lb Before Cleaning 2lbs,1
,~1200g,1
,~1.8lbs Before Cleaning,1
,~1.6lbs,1
,~1-3lbs,1
,~0.5lb,1
,| Multiple Sizes,1
,yingyy Gold Foil Leaf Dessert Candy Fondant Muffins Flakes Portable Home Bakery Bar Food Dishes Tea Drink Decoration DIY Silver 2Set,1
,x6,1
,wolftale Portable Soup Thermo Cup For Delicious Soups On Move Leak-proof And No Mixing beige 970ml 1Set,1
,wolftale Made Of Biodegradable Materials Environmentally Friendly Electric Salt Pepper pink,1
,wolftale Flower Pattern Rotating Candy Box Wedding Favor Box Divided Dried Fruit Plate Snacks Sunflower Seed Container,1
,wolftale Durable Pastry Molds Maker For Rust-Resistant Crepes Heat-resistant Tortillas To Corn Tortillas silver 16cm,1
,whole grain microwave popcorn with a high source of fibre and gluten free,1
,vendue individuellement,1
,trou de vapeur tr¨¨s serr¨¦. Po¨ºle ¨¤ nouilles double paroi en acier inoxydable. Ramen ordinaire pr¨ºt - ¨¤ - manger ¨¤ l'eau chaude,1
,special anti-spilling food noodle drainer for pot liner for Home,1
,special anti-spilling food noodle drainer for pot liner Weekly Deals,1
,sell quantity 200ml glass bottle,1
,sell quantity 200g,1
,sell quantity 120g,1
,relayinert Durable Pastry Molds Maker For Rust-Resistant Crepes Tortillas To Corn Tortillas Comal For Tortilla silver 16cm,1
,relayinert Durable Pastry Molds Maker For Rust-Resistant Crepes Tortillas To Corn Tortillas Comal For Tortilla balck 16cm,1
,random color Weekly flyer features,1
,random color Deals,1
,presse - agrumes manuel moins de 5 $?conomisez jusqu'¨¤ 90%,1
,poivrons et piments dans la cuisine,1
,pitrice Advent Calendar Christmas Hanging Pendant Gnome Non-woven Fabric DIY Wall Calendary Faceless Man Xmas Tree Decoration Gift Gray,1
,pimelu New Juicing Cup Multifunction Fresh Juicess Wireless Outdoor Portable Juicing Large Capacity up to 70% off Summer Clearance Hottest Deals Big Savings,1
,pimelu Household Round Fruit Snacks Sugar Biscuits Striped Fruit Melon Fruit Up to 45% off Wal&mart Deals Halloween,1
,pimelu Household Round Fruit Snacks Sugar Biscuits Striped Fruit Melon Fruit Deals Summer Clearance Fall Savings up to 70% off,1
,pimelu Flyer Deals Rose Flower Ice Cocktail Mix Ice Rose Flower 6 With Ice Tray Up to 40% off Big Savings Clearance,1
,pimelu Easter Lovely Rabbit Tea Bag Hanging Fixed Tea Bag Fixed Tea Bag Tea Cup Wall Decoration Rabbit Differentiator Fall Savings! Clearance,1
,pimelu Double Layer Candy And Dried Fruit Rotating Design Dessert Up to 45% off Wal&mart Deals Boxing Day,1
,pimelu Divided Serving Tray With Lid And Handle Portable Snackle Box Charcuterie Container Airtight Snack Box For Picnic Entertaining Party Up to 60% off Summer Savings New Year's Day,1
,pimelu Divided Serving Tray With Lid And Handle Portable Snackle Box Charcuterie Container Airtight Snack Box For Picnic Entertaining Party Up to 45% off Clearance Halloween,1
,pimelu Clearance Savings Rose Flower Ice Cocktail Mix Ice Rose Flower 4 With Ice Tray Big Savings Hottest Deals up to 90% off,1
,pimelu Christmas Gifts Clearance Portable Juice Juice Cup Intelligent Student Home Multifunctional Juice Juice Machine Charging Juice Cup Clearance Canada Day Canada Day,1
,pimelu Christmas Advent Calendar Santa Claus Advent Calendar With 24 Days Pocket Christmas Countdown Hanging Ornaments For Home Office Door Wall Decoration Gifts Summer Clearance Canada Day,1
,pimelu Children's Intelligent Watch With High-definition Touchscreen And Camera For Video Calls 4G Student Card Pluggable Phone Watch GPS Accurate Positioning Clearance Wal&mart Deals Boxing Day,1
,pimelu Carton Popsicle Ice Cream Six Popsicle Box Ice Up to 45% off Flash Deal Remembrance Day,1
,pimelu 100pcs Empty Teabags String Heat Filter Paper Herb Loose Tea Bag Flash Deal Up to 45% off,1
,"pecans and raisins
?Dry roasted nuts (never fried)
?4g of plant-based protein per 28g serving
?2g of fibre per 28g serving
?GMO Free
?Gluten Free",1
,,
,open Season Coffee Paper Unbleached Natural Brown 100 Sheets Large Capacity Filter Paper,1
,onlyliua up to 60% off Gifts Garden Resin Decoration Outdoor Roll Paper Small Decoration Statue Garden Decora Paper Towel Decoration Deals,1
,onlyliua New Kitchenware Set Kitchenware 7-piece Set Non Stick Pot Shovel Spoon Clip,1
,onlyliua Household Food Grade 28 Single-layer Ice Tray Manufacturing Machine Ice Cream Storage Box,1
,onlyliua Holiday Deals 4 Hand-held Popsicles With Transparent Self-made Ice Cream With Lid,1
,onlyliua Clearance Savings Wood Pulp Cotton Dishwashing Wipe Cleaning Sponge Wipe Double-sided Household Rag Brush Bowl Scouring Pad Kitchen Artifact for Home,1
,onlyliua Clearance Five Pointed Star Heart Shaped Ice Ice Pellet 26 Shaped,1
,onlyliua Clearance Coffee Filter Cup Drip Cup Hand-brewed Coffee Cup Drip Filter Coffee Filter Cup For Hiking Camping Home Office,1
,onlyliua Canada Day 13-hole Food Honeycomb Ice Tray With Lid DIY Ice Box Food Suppleme,1
,onlyliua 304 Stainless Steel Coffee Mug With Lid Thermal Insulation Outdoor Portable Comfortable Handle Heat And Cold Available for Home,1
,oneOone Silk Tabby Maroon Fabric Crocodile Animal Skin Craft Projects Decor Fabric Printed By The Yard 42 Inch Wide,1
,oneOone Polyester Lycra Dusty Rose Fabric Crocodile Animal Skin Sewing Craft Projects Fabric Prints By Yard 56 Inch Wide,1
,oneOone Cotton Poplin Dusty Teal Green Fabric Crocodile Animal Skin Sewing Material Print Fabric By The Yard 56 Inch Wide,1
,oneOone Cotton Jersey Mint Fabric Crocodile Animal Skin Fabric For Sewing Printed Craft Fabric By The Yard 58 Inch Wide,1
,oneOone Cotton Flex Burgundy Fabric Crocodile Animal Skin Craft Projects Decor Fabric Printed By The Yard 40 Inch Wide,1
,multi - usage moins de 5 $?conomisez jusqu'¨¤ 90%,1
,moyennes et grandes cuill¨¨res disponibles,1
,mmirethe Portable Salad Dressing Cups For Mess-free Dressing On Move Wide Application Steel Sauce Cup Pink lid 2Set,1
,les champignons et les,1
,large Stainless Steel Bowl,1
,keepw Teabags Single-off Non-woven Fabrics Spice Scented Tea Bags with String DIY Crafts Natural Steeper Drawstring Herb Pouch TYPE1 100pcs 5x7cm,1
,keepw Silver Sturdy And Durable Stainless Steel Flour Shaker For Long-lasting Performance Wide Application no handle 2Set,1
,keepw Durable Halloween For Drinks And Decorate With Ease Stylish Round 5Set,1
,kcavykas Big Deals Items Coffee Beans Coffee Powder Dry Goods Sealed Container 304 Stainless Steel Sealed Storage Tank,1
,karymi Lazy Automatic Magnetic Stirring Cup coffee Grain Powder Brewing Cup up to 65% off,1
,karymi 100pcs Empty Teabags String Heat Filter Paper Herb loose Tea Bag Flash Deal,1
,karymi 100pc Halloween Cookies Nougat Snowflake Crisp Fruit Bag Ghost Party Gift Ziplock Bag Goodie Bag Summer Savings,1
,in 4 pieces,1
,hidratantes y activos Clearance 2024 Home Decor,1
,g?teaux Livraison gratuite jusqu'¨¤ 5 $cette semaine Livraison gratuite,1
,g?teau bonbons 1 pi¨¨ce Livraison gratuite jusqu'¨¤ 5 $cette semaine,1
,gluten free snack size popcorn bag for on the go.,1
,freestylehome Flower Pattern Rotating Candy Box Wedding Favor Box Divided Dried Fruit Plate Snacks Sunflower Seed Container,1
,freestylehome Compatible Coffee Cup for B31 B40 B44 B60 B70 B77 K45 Versatile and Time-Saving Style A 1Set,1
,freestylehome 2pack/lot Stainless Steel Made Screen Filter Non-toxic And Safe For Food Contacting High Precision 53.5mm£¬1.7mm£¬150um,1
,freestylehome 1/2/3/5 Cake Pearl Applicator Home Bakery DIY Baking Cake Edible Pearl Ball Decoration Applying Tool No.02 1 Pc,1
,flavourful taste and has no artificial colours or flavours.,1
,fastboy Wear Resistance Electric Pepper Mill For Long-lasting Performance Made Of Biodegradable pink,1
,fastboy Birthday cake with card balloons,1
,each 26g.,1
,"ea, 60g",1
,cuisson au four,1
,crgrtght Up to 60% off Gifts Household ice cream DIY mixed color conjoined popsicle with lid,1
,crgrtght Open Box Deals Clearance Carton Popsicle Ice Cream Six Popsicle Box Ice,1
,crgrtght Cut¨ªculas de pies cut¨ªculos mascarilla de pies cut¨ªculos calcetines pel¨ªcula de pies de beb¨¦ 1 par de 10ml,1
,crgrtght Bo?te de rangement de fruits Flip bread cake bo?te de rangement vaisselle pr¨¦sentoir,1
,crgrtght 304 en acier inoxydable approfondir l'huile chaude po¨ºle ¨¤ frire ¨¤ l'huile huile Mini po¨ºle ¨¤ huile huile huile nouilles sp¨¦ciales gouttes d'huile petit plat ¨¤ lait,1
,consolidar los dientes y refrescarse,1
,colours may vary,1
,brosse ¨¤ huile barbecue moins de 5 $?conomisez jusqu'¨¤ 90% Clearing livraison gratuite,1
,bo?te de rangement d'assaisonnement Multi - compartiments avec couvercle,1
,bo?te de bonbons de No?l bo?te - cadeau de No?l bo?te - cadeau de No?l emballage cadeau nouvel an mignon bo?te d'emballage,1
,bonbons et sucre brun en poudre moins de 5 $?conomisez jusqu'¨¤ 90%,1
,average 11 lb,1
,auto - scell¨¦ moins de 5 $?conomisez jusqu'¨¤ 90%,1
,ar?mes confortables de caf¨¦ et de lait pour toutes les occasions,1
,ZZwxWA Today Discount Coffee Filter Foldable Brewing Stainless Steel Filter Suitable For Any Cup,1
,ZZwxWA Tax Free Weekend Coffee Beans Coffee Powder Dry Goods Sealed Container 304 Stainless Steel Sealed Storage Tank,1
,ZZwxWA Tax Free Weekend Cheese Cream Cake Cheese Cheese Shape,1
,ZZwxWA Hot Dog Bun Driller Bread Hot Dog Drilling Grilling Hotdogger Cutting Bread Tool Drill A Hole Baking Supplies For Grilling BBQ Hot Dog,1
,ZZwxWA Home Stuff 460ml Plastic Seasoning Bottle With Holes Clear Powder Bottle Pepper Bottle Cumin Powder Cylinder Barbecue Seasoning Bottle Spice Sprinkling Bottle Today Discount,1
,ZZwxWA Home Decor Ice Cream Food Grade Home Children's Homemade Ice Cream Refrigerator Popsicle Popsicle Ice Cream Popsicle Clearance Sales,1
,ZZwxWA Home Decor Flash Deals Single Hole Sauces Extrusion Bottle Cream Sauces Extrusion Bottle Tomato Salad Sauces Extrusion Sauces Bottle,1
,ZZwxWA Home Decor 460ml Plastic Seasoning Bottle With Holes Clear Powder Bottle Pepper Bottle Cumin Powder Cylinder Barbecue Seasoning Bottle Spice Sprinkling Bottle Flash Deals,1
,ZZwxWA Holiday Saving Coffee Beans Coffee Powder Dry Goods Sealed Container 304 Stainless Steel Sealed Storage Tank,1
,ZZwxWA Holiday Gift Finder Resin Jewelry Coloring Making Gypsum Products Handicraft Hand Water-based Paint 30ml,1
,ZZwxWA Holiday Gift Finder Home Baking Bee Rice Cake Model Critter Cake Model,1
,ZZwxWA Flash Deals DIY Conjoined Ice Cream Silica Gel ice Cream,1
,ZZkhGo Online Shopping Popsicle Holders Bags Reusable Washable Ice Popsicle Holders 10pc,1
,ZZkhGo Flash Deals Popsicle Holders Bags Reusable Washable Ice Popsicle Holders 10pc,1
,Yu Choy,1
,Xingzhi Water Tank - Stylish And Functional Suitable For Home And Professional Elegant Easy To Container With 5.5 L 3Set,1
,Xingzhi Coffee Filter Handheld Strainers Household Accessories Drink Strainer Professional Takedown Design Filtering Bag 100mm 1Set,1
,Xihbxyly up to 60% off Gifts Coffee Cup Filter Screen Double-layer Portable Hand Brewed Coffee Folding Ear Filter Drip Coffee Coffee Cup,1
,Xihbxyly Summer Savings Clearance Coffee Filter Cup Drip Cup Hand-Brewed Coffee Cup Drip Filter Coffee Filter Cup for Hiking Camping Home Office,1
,Xihbxyly Holiday Deals Household Round Fruit Snacks Sugar Biscuits Striped Fruit Melon Fruit,1
,Xihbxyly Flash Deals Sale Items Cheese Cream Cake Cheese Cheese Shape,1
,Xihbxyly Deals of The Week Ice Cream Stick Ice Ice Cream Diy Ice Cream,1
,XWSHYW organizer Box Segmented Candy Box Household Nut Box Dried Fruit Box Living Room Snack Box Plastic Fruit Box Snack Box,1
,XWSHYW Storage Containers Segmented Candy Box Household Nut Box Dried Fruit Box Living Room Snack Box Plastic Fruit Box Snack Box,1
,XWSHYW Flash Deals Solid Wood Pepper Powder Grinder Black Pepper and Sichuan Pepper Ground Manual Grinder,1
,XWSHYW Flash Deals Sale Items Baking Powder Repair Powder Repair with Pearl Like Suitable for Skin tone and Blended with Skin tone 9G,1
,XWSHYW Flash Deals Of The Day Online Only Baking Powder Repair Powder Repair with Pearl Like Suitable for Skin tone and Blended with Skin tone 9G,1
,XWSHYW Flash Deals Of The Day Baking Powder Repair Powder Repair with Pearl Like Suitable for Skin tone and Blended with Skin tone 9G,1
,XWSHYW Flash Deals Clearance Whole Grains Rice Bucket Wall-Mounted Rice Storage Tank Out Rice,1
,Winter Warm Handlebar Cover Antler Thick Plush Steering Wheel Cover Rwvbm,1
,Whole leeks,1
,Whole Not Cut 5lbs,1
,Whole Not Cut 2.5lbs,1
,Whole Not Cut,1
,Whole 2.5lbs,1
,White Whole Organic,1
,Weight - 284g,1
,Weekly flyer pimelu Vacuum Sealer Machine-Vacuum Sealer Machine Automatic Sealing System With 10 Heat Bags For Foods Storage Fresh-Keeping The Big Save,1
,Weekly flyer pimelu Strawberry Baking Candy Jelly Bakeware Strawberries Molds For Kids Cupcake Fondant Molds Molds Weekly flyer,1
,Weekly flyer pimelu Rain Gauge Freezes Proof Rain Gauge Outdoor Besting Rated Large Clear Numbers Rain Gauges For Yard With Stake Adjustable Height Rain Measuring Tool For Garden Flyer Deals,1
,Weekly flyer pimelu Garden Art Crafts Flower Pot Storage Garden Decoration Art Hottest Deals,1
,Weekly flyer pimelu All Stainless Steel Pet 3.2L Large Capacity Popular SUS304 Pet Water Dispenser For Cats And Dogs Hottest Deals,1
,Watson AC Frozen Shrimp Har Gow,1
,WJSXC Three-dimensional Easter with Pattern Dinosaur Chocolate,1
,Volume/Quantity - 383g,1
,Volume - 3 Bars x 88ml,1
,Visland 100Pcs Disposable Thick Squeeze Cream Cookie Icing Fondant Piping Bag Cake Decor,1
,Violife Mozzarella Style Shreds,1
,Violife Cheddar Style Shreds,1
,Viflosae up to 60% off Gifts 2pcs Portable Plastic Large Garden And Yard Leaf Hand Leaf Rakes And Leaf Collector Garden Tools For Garden Rubbish Flash Deals,1
,Viflosae Savings DIY Christmas Tree Chocolate Cake Decoration Baking Clearance Items,1
,Viflosae Prime Deals 10 Popsicle Diy Ice Cream Ice Cream Prime Day Deals 2024 Canada,1
,Viflosae Large Skull Cake Pan Haunted Baking Cake For Halloween And Birthday Party Back to savings,1
,Viflosae Deals of the Day Clearance Prime Ice Cream With Lid Popsicle Summer Ice Cream Deals Flyer,1
,Viflosae Deals Flyer Ice Cream With Lid Popsicle Summer Ice Cream Prime Day Deals 2024 Canada,1
,Viflosae Clearance Annual Events Christmas Wooden Ornament Add Color To Your Christmas 2PC Shop all,1
,Viflosae Christmas Wooden Train Santa Claus Festival Ornament Home Decor Kids Gifts All flyers & lookbooks,1
,Viflosae Cheese Cream Cake Cheese Cheese Shape Holiday Gift Finder,1
,Veggie Wieners,1
,Veggie Ground,1
,Veggie Burger,1
,Vegetable Chow Mein,1
,VONKY Aluminum Alloy Spray Proof Kitchen Modern Multi-functional Easy To Clean Easy To Install silver 1Set,1
,VONKY 4pcs/set Easy To Cookie Set Effortlessly Cut Out Fun And Unique Cookies Elegant Gift As Shown 5Set,1
,VONKY 2pcs Delicious And Nutritious Drinks With Multi-functional Nylon Fine Mesh Milk 25cm*30cm 5Set,1
,VONKY 200piece Tea Bags Convenient And Hygienic Made With Non-woven Hygienic And Food Safe Easy To Carry white 5Set,1
,VIOLIFE TEX MEX SHRD,1
,Ustyle Coffee Filter Handheld Strainers Sweet Gift Drink Strainer Kitchenware Cloth Filters Handily Gripped Filtering Bag 100mm 1Set,1
,Usmixi Online Shopping Stainless Steel Water Filter VegetableMoon Shaped Pot Side Filter Slag Separator Filter BafflePlate Two Options,1
,Up to 95% off Gifts onlyliua Whiskey Wedge + Glass Ice Film Whisky Glass Layered Glass Clearance Items,1
,Up to 60% off Gifts Dianli Wood For And Grilling 8 Natural Flavors Of Walnut And Wood Chips Perfect For Bbq Meat Pork Chicken And Whis Seasonal Markdowns,1
,Up to 60% off Gifts Dianli Tea Filter Clearance Items,1
,Up to 60% off Gifts Dianli Silica Gel Tea Bag Tea Filter Silica Gel Tea Filter Shopping Spree Weekend,1
,Unsweetened Soya Beverage 1.89l,1
,Universal Coffee Pot Filter Disc For Coffee Making For 6 People,1
,Unity Cake,1
,Unisex Double Pocket Washed Canvas Apron Kitchen Garden Work Wear - Creative,1
,Unatoiry Ice Cream Cone Holder Waffle Cone Holder Food Holder for Birthday Decor Clear 19 x 9cm 1Set,1
,Unatoiry Gourd Decor Symbol Of Happiness And Luck Handmade Gourd Decoration For Home Food Grade Drinks 250ml 13-15cm 1Set,1
,U15 size,1
,Two-Bite Minion Cupcakes,1
,Turmeric,1
,Tray of 2,1
,Tomato & Basil Pasta Sauce,1
,Tomato,1
,Toaster pastries,1
,Thinsony Durable Pastry Molds Maker For Rust-Resistant Crepes Tortillas To Corn Tortillas Comal For Tortilla balck 16cm,1
,The French Oven Two Layer Eggless Black Forest Cake,1
,The French Oven Peanut Free Two Layer Chocolate and Vanilla Cookie and Creme Cake,1
,Teocary Home Baking Bee Rice Cake Model Critter Cake Model The Big Save Summer Clearance up to 70% off Up to 40% off,1
,Takis Hot Nuts Fuego,1
,TIM HORTONS TH NCC BOLD,1
,THIN,1
,THE EXTREME PICKlE SPEAR HOT & SPICY 750ml,1
,TH FV Cappuccino K-Cup 24ct,1
,Sweet Potato,1
,Sweet Middles Sprinkle Sandwich Cookies,1
,Sweet Middles Oatmeal Raisin Crisp,1
,Sweet Middles Chocolate Souffle,1
,Sunset Lollibombs 12oz,1
,Sunset Flavor Bombs Tomatoes 12oz,1
,Sunnymark Dried Baby Shrimp,1
,Summer Savings onlyliua Coffee Filter Cup Drip Cup Hand-brewed Coffee Cup Drip Filter Coffee Filter Cup For Hiking Camping Home Office,1
,Summer Savings Clearance! SuoKom Fruit Tray Clear Snack Display Tray Candy Snack Tray Nut and Dried Fruit Storage Box Snack Tray for Kitchen and Party Food and Pantry Organization on Clearance,1
,Stylish 3d Burger Pop Pinch Ball Silicone Push Its Bubble Balls,1
,Stonefire? Garlic Naan 4PK,1
,Stainless steel Akmoler,1
,Stainless Steel Bartender Drink Mixer Milk Tea Shaker Beverages Mixed Shaker Martini Shaker Margarita Mixer Essential Bar Tools for Bartender,1
,Stainles Steel 30/70/180/320Ml Beer Cola Martini Shaker Drink Mixer for Bartending ¨C Essential Bar Tools Weighted Shaking Metal Tins Cocktail Shaker Set,1
,Sparkling Coconut Water Wtrmln,1
,Sparkling Coco Water Pineapple,1
,Spaghettini,1
,Sold indivudally,1
,Sold in trays,1
,Sold in bundle,1
,Sold in Single,1
,Sold by weight,1
,Sold by Leaf,1
,Sold as singles,1
,SoLd individuaLLy,1
,Smithfield Bacon Naturally Hickory Smoked,1
,Small Fruit Salad,1
,Slow Cooker Liner Saucepan Divider Slow Cooker Liner Easy Clean Nonstick Pan for Home,1
,Slow Cooker Liner Saucepan Divider Slow Cooker Liner Easy Clean Nonstick Pan Deals of the Day,1
,SkinnyPop Gluten Free White Cheddar Popcorn 125g,1
,Size 90-125,1
,Size 80-120,1
,Size 20-40,1
,Siruishop Coffee Cup 200ml Ceramic Coffee Cup Coffee Roasters Espresso Shot Coffee Cup inner white,1
,Single 5ml Edible pigment,1
,Single,1
,Simulation biscuit cream cake model Strawberry Oreo fruit round cake dessert decoration shooting props,1
,Simply Steam Peaches & Cream C,1
,Silver,1
,Silk Sleep Mask Eye Mask Blindfold With Double Layer Silk Filling-i,1
,Silica Gel Tea Bag Tea Filter Silica Gel Tea Filter,1
,Sicilian Flatbread,1
,Sentmoon Wal-mart Deals 6 Compartment Folding Popsicle Ice Cream Deals of the Day Clearance Prime,1
,Sentmoon Wal-mart Deals 10 Popsicle Diy Ice Cream Ice Cream Deals of the Day Clearance Prime,1
,Sentmoon Up to 90% Off Household ice cream DIY mixed color conjoined popsicle with lid Deals of the Day Clearance Prime,1
,Sentmoon Up to 90% Off 10 Popsicle Diy Ice Cream Ice Cream Todays Deals Clearance Sales,1
,Sentmoon Up to 40% off 4 Popsicle Diy Ice Cream Ice Cream Deals Flyer,1
,Sentmoon Todays Deals Clearance Sales Ice Cream Food Grade Home Children's Homemade Ice Cream Refrigerator Popsicle Popsicle Ice Cream Popsicle Sales Items for the Day,1
,Sentmoon Todays Deals Clearance Sales Coffee Filter Cup Drip Cup Hand-brewed Coffee Cup Drip Filter Coffee Filter Cup For Hiking Camping Home Office Deals of the Day Clearance Prime,1
,Sentmoon Prime Deals Whole Grains Rice Bucket Wall-Mounted Rice Storage Tank Out Rice Prime Day Deals 2024 Canada,1
,Sentmoon Prime Deals Printed Kitchen Oil Barrier High Temperature Aluminum Foil Oil Baffle Sales Items for the Day,1
,Sentmoon Deals of the Day Clearance Prime Home Baking Bee Rice Cake Model Critter Cake Model Todays Deals Clearance Sales,1
,Sentmoon Deals of the Day Clearance Prime DIY 4 Homemade Ice Cream Chocolate Candy With 20 Wooden Sticks Todays Deals Clearance Sales,1
,Sentmoon Deals of the Day Clearance Prime 6 Compartment Folding Popsicle Ice Cream Wal-mart Deals,1
,Sentmoon Deals of The Day Home Baking Bee Rice Cake Model Critter Cake Model Wal-mart Deals,1
,Seasoning box household kitchen integrated multi-grid seasoning box salt MSG seasoning storage box condiment seasoning jar salt jar,1
,Seasoning Bottle Box Jar Condiment Storage Container Rack Herb Spice Jar(set Of 6 Pcs) for Indoor/Outdoor,1
,Salada Black Tea 72 count,1
,STH Poutine Gravy Sauce 52g,1
,STH Beef Bourguignon sce 35g,1
,SPAGHETTI,1
,SEMPAI Rose Flower Ice Cocktail Mix Ice Rose Flower 4 With Ice Tray Summer Savings Clearance Labour Day,1
,SEMPAI Dinosaur Tea Maker Stock Dragon Tea Bag Tea Filter Flash Deal Up to 60% off Canada Day,1
,SEEDLESS,1
,SAMYANG Buldak Cream Carbonara Hot Chicken Flavor Ramen 5 Bag/Pack,1
,Ruiboury Filter Mesh Coffee Basket Powder Strainer Long Handle Stainless Steel Rustproof Multipurpose Handily Gripped Filtering Net Type 4,1
,Round glasses-black frame blue light protection,1
,Rocher Bars Raffaello G90x16,1
,Rkxzt Household Round Fruit Snacks Sugar Biscuits Striped Fruit Melon Fruit for Indoor/Outdoor,1
,Rkxzt Cream Horn Model Stainless Steel Roll Flared Danish Croissant Model Holiday Gift Finder,1
,Rhubarb,1
,Reusable Silicone Baking Cups Nonstick,1
,Reusable Popsicle Stick With For Homemade Popsicles & Ice Cream under $5 Saving Up To 90% Off,1
,Reusable Coffee Capsule Pod Filter Cups Set With Spoon Brush Eco Friendly Stainless Steel Mesh Filter Suitable For Dolce Gusto,1
,Red Pomelo,1
,Red,1
,Ready to be enjoyed in just a few minutes.,1
,Ready to Serve Soup 515ml,1
,Ready to Cook,1
,Rambutan,1
,RX MINI'S 2FLVS,1
,RX CHOC SSLT BAR,1
,RUSTICA RISING CRUST PEPPERONI PIZZA,1
,RUSTICA PIZZERIA SOLO PEPPERONI PIZZA,1
,ROlO? Milk Chocolate And Mini Chewy Caramel,1
,RED LABEL BLACK LOOSE TEA,1
,Qukes 12oz Mini Cucumbers,1
,Que Pasa Mild Salsa,1
,Qiopertar ?conomisez P?ques 8 cavit¨¦s moule bricolage chocolat Cupcake g?teau muffin moule de cuisson Livraison gratuite jusqu'¨¤ 5 $cette semaine,1
,Qiopertar ?conomisez Moule en forme de p¨¨re No?l bricolage chocolat Cupcake g?teau muffin cuisson Livraison gratuite jusqu'¨¤ 5 $cette semaine,1
,Qiopertar ?conomisez Chocolat 40 avec petit g?teau au chocolat DIY pot Livraison gratuite jusqu'¨¤ 5 $cette semaine,1
,Qiopertar ?conomisez Arbre de No?l g?teau cadeau de No?l collection de No?l bricolage outils de cuisson Livraison gratuite jusqu'¨¤ 5 $cette semaine Livraison gratuite,1
,Qiopertar Vente de liquidation Queue Pointue Brosse ? Bouteille D'huile Multifonctionnel Barbecue Brosse ? Bouteille D'huile De Cuisine Brosse ? Huile Brosse ? Huile Cuisine Barbecue Outil,1
,Qiopertar Spatule anti - adh¨¦sive de qualit¨¦ alimentaire filtre ¨¤ huile cuill¨¨re avec r¨¦sistance ¨¤ la temp¨¦rature et la flexibilit¨¦ de la conception de s¨¦paration de l'huile,1
,Qiopertar Silicone Tea Bag filtre ¨¤ th¨¦ silicone Tea Filter moins de 5 $?conomisez jusqu'¨¤ 90% Clearing livraison gratuite,1
,Qiopertar Silicone Tea Bag filtre ¨¤ th¨¦ silicone Tea Filter Clearing livraison gratuite Liquidation sp¨¦ciale cette semaine,1
,Qiopertar Sac ¨¤ th¨¦ lapin mignon de P?ques suspendu sac ¨¤ th¨¦ fixe sac ¨¤ th¨¦ fixe tasse ¨¤ th¨¦ d¨¦coration murale lapin diff¨¦renciateur Clearing livraison gratuite,1
,Qiopertar R¨¦servoir de stockage d'eau scell¨¦ transparent ¨¦tanche ¨¤ l'humidit¨¦ dans la cuisine moins de 5 $?conomisez jusqu'¨¤ 90% Clearing livraison gratuite,1
,Qiopertar R¨¦cipient de pansement pour bo?te ¨¤ lunch avec couvercle r¨¦cipient d'assaisonnement en acier inoxydable facile ¨¤ ouvrir ¨¦tanche petite trempette r¨¦utilisable,1
,Qiopertar R¨¦cipient de cong¨¦lation en plastique r¨¦servoir de stockage r¨¦utilisable pour la pr¨¦paration des repas. Recyclable Layer Cake Box Packaging box Fruit Packaging box cr¨¨me glac¨¦e tiramisu,1
,Qiopertar Po¨ºle ¨¤ frire en acier inoxydable anti - adh¨¦sif tamis ¨¤ huile outils de cuisson multiplex Packaging moins de 5 $?conomisez jusqu'¨¤ 90% Clearing livraison gratuite,1
,Qiopertar Multifonctionnel 5 en 1 ¨¦plucheur pinceau de l¨¦gumes ouvre - bouteille moulin ¨¤ ail moins de 5 $?conomisez jusqu'¨¤ 90% Clearing livraison gratuite,1
,Qiopertar Moulin ¨¤ caf¨¦ moulin ¨¤ grains ¨¦lectrique moulin ¨¤ ¨¦pices ¨¦lectrique moulin ¨¤ herbes ¨¦lectrique moulin ¨¤ ¨¦pices de grains de caf¨¦ avec 2 lames en acier inoxydable,1
,Qiopertar Mini plat de soja assaisonn¨¦ avec poign¨¦e pour sauce tomate snacks aromatis¨¦s moins de 5 $?conomisez jusqu'¨¤ 90% Clearing livraison gratuite,1
,Qiopertar Livraison gratuite en acier inoxydable Spinning Whisk 12 pouces semi - automatique Whisk presse manuelle Spinning Whisk pour moins de 5 $?conomisez jusqu'¨¤ 90%,1
,Qiopertar Les lacunes G?teau grill¨¦ pour g?teaux et pains Offres pour moins de 5 $cette semaine ?conomisez jusqu'¨¤ 90%,1
,Qiopertar Huile cuill¨¨re cuill¨¨re ¨¤ soupe spatule s¨¦parateur d'huile cuill¨¨re cuill¨¨re ¨¤ soupe fondue filtre ¨¤ huile s¨¦par¨¦ moins de 5 $?conomisez jusqu'¨¤ 90% Clearing livraison gratuite,1
,Qiopertar G?teau fuuny mignon p?tisserie / biscuits / timbre autocollant Clearing livraison gratuite Liquidation sp¨¦ciale cette semaine,1
,Qiopertar Flacon d'assaisonnement extrud¨¦ 11 OZ avec flacon d'assaisonnement chaud ¨¤ clapet huile d'assaisonnement extrud¨¦e gel liquide moins de 5 $?conomisez jusqu'¨¤ 90%,1
,Qiopertar Filtre ¨¤ soupe cuill¨¨re ¨¤ huile huile de cuisine filtre ¨¤ soupe pi¨¨ces s¨¦par¨¦es moins de 5 $?conomisez jusqu'¨¤ 90% Clearing livraison gratuite,1
,Qiopertar D¨¦tails sur Tea Pack Leaf Filter diffuseur Clearing livraison gratuite Liquidation sp¨¦ciale cette semaine,1
,Qiopertar Double couleur cuisson ensemble de trois pi¨¨ces agitation grattoir cr¨¨me grattoir brosse ¨¤ huile outils de cuisson fournitures moins de 5 $?conomisez jusqu'¨¤ 90%,1
,Qiopertar Dinosaur Tea set en stock Dragon Tea Pack filtre ¨¤ th¨¦ moins de 5 $?conomisez jusqu'¨¤ 90% Clearing livraison gratuite,1
,Qiopertar Cute human Baking gadget spatule de cuisson pour enfants ustensiles de cuisine brosse ¨¤ huile spatule batteur d'oeufs cuill¨¨re ¨¤ soupe mesure sp moins de 5 $?conomisez jusqu'¨¤ 90%,1
,Qiopertar Clearing livraison gratuite Probi¨®ticos pasta de dientes blanca brillante pasta de dientes blanca fresca tono fresco pasta de dientes blanca 120g,1
,Qiopertar Clearing livraison gratuite Manucure bicolore solide miroir poudre carr¨¦ bicolore ongle miroir poudre titane poudre Offre de moins de 5 $cette semaine,1
,Qiopertar Clearing livraison gratuite Accueil haute temp¨¦rature brosse ¨¤ huile avec bouteille cuisine qualit¨¦ alimentaire barbecue cuisson - une bouteille de brosse ¨¤ huile,1
,Qiopertar Clearance Sale Round Household Dipping Seasoning Dish Made Of Straw Deals of the Week under $5,1
,Qiopertar Clearance Home Decor Printed Kitchen Oil Barrier High Temperature Aluminum Foil Oil Baffle under $2 Saving Up To 99% Off,1
,Qiopertar Clearance Home Decor Easter Lovely Rabbit Tea Bag Hanging Fixed Tea Bag Fixed Tea Bag Tea Cup Wall Decoration Rabbit Differentiator under $2 Saving Up To 99% Off,1
,Qiopertar Clearance Home Decor Easter 6 With 15 With Diy Chocolate Candle under $2 Saving Up To 99% Off,1
,Qiopertar Clearance Home Decor Coffee Filter Cup Drip Cup Hand-brewed Coffee Cup Drip Filter Coffee Filter Cup For Hiking Camping Home Office under $2 Saving Up To 99% Off,1
,Qiopertar Clearance Home Decor 100pcs Empty Teabags String Heat Filter Paper Herb Loose Tea Bag under $2 Saving Up To 99% Off,1
,Qiopertar Clearance Free Shipping Segmented Candy Box Household Nut Box Dried Fruit Box Living Room Snack Box Plastic Fruit Box Snack Box under $5 Saving Up To 90% Off,1
,Qiopertar Clearance Free Shipping Ice Cream Molds Home Make Popsicle Popsicle Diy Ice Cream Frozens Ice Block Box Ice Cream Ice Box Homemade Ice Box Popsicle under $5 Saving Up To 90% Off,1
,Qiopertar Clearance Free Shipping Ice Cream Food Grade Home Children's Homemade Ice Cream Refrigerator Popsicle Popsicle Ice Cream Popsicle under $5 Saving Up To 90% Off,1
,Qiopertar Clearance Free Shipping 4 Hand-held Popsicles With Transparent Self-made Ice Cream With Lid under $5 Saving Up To 90% Off,1
,Qiopertar Clearance 65% Off Popsicle Holders Bags Reusable Washable Ice Popsicle Holders 10pc Great gifts for less Savings,1
,Qiopertar Capsules de caf¨¦ r¨¦utilisables et r¨¦utilisables pour machine filtre moins de 5 $?conomisez jusqu'¨¤ 90% Clearing livraison gratuite,1
,Qiopertar Brosse ¨¤ huile maison assaisonnement brosse ¨¤ huile Split cuisine alimentaire brosse ¨¤ huile barbecue moins de 5 $?conomisez jusqu'¨¤ 90% Clearing livraison gratuite,1
,Qiopertar Brosse ¨¤ huile de bouteille d'huile de qualit¨¦ alimentaire avec couvercle r¨¦sistant aux temp¨¦ratures ¨¦lev¨¦es bouteille d'huile Extrusion barbecue brosse ¨¤ huile barbecue,1
,Qiopertar Brosse ¨¤ barbecue brosse ¨¤ barbecue avec bouteille brosse ¨¤ huile moins de 5 $?conomisez jusqu'¨¤ 90% Clearing livraison gratuite,1
,Qiopertar Brosse huile contr?l¨¦e bouteille de brosse cuisine haute temp¨¦rature transparent moins de 5 $?conomisez jusqu'¨¤ 90% Clearing livraison gratuite,1
,Qiopertar Bo?te d'assaisonnement cuisine quatre pi¨¨ces une cuill¨¨re ¨¤ soupe pour mettre l'assaisonnement acidifiant MSG sucre sans cha?ne bo?te de rangement d'¨¦pices bo?te d'assaisonnement pot set,1
,Qiopertar Bouteille distributeur de miel ketchup bouteille de lait maison bouteille d'huile en plastique r¨¦servoir d'huile Clearing livraison gratuite Liquidation sp¨¦ciale cette semaine,1
,Qiopertar Bouteille d'huile verre cuisine maison quantitative ¨¦tanche grande bo?te d'¨¦pices pot d'¨¦pices haute temp¨¦rature interrupteur automatique bouilloire ¨¤ huile,1
,Qiopertar Bouteille d'huile maison cuisine verre bouteille d'huile bouteille d'¨¦pices pot d'aromatisation seau ¨¤ huile ¨¦tanche grande capacit¨¦ Cuisine Restaurant,1
,Qiopertar Bouilloire ¨¤ huile en acier inoxydable cuisine filtre ¨¤ huile tasse ¨¤ huile domestique moins de 5 $?conomisez jusqu'¨¤ 90% Clearing livraison gratuite,1
,Qiopertar Bol pliant ¨¤ trois couches assiette de fruits pliante et plat assiette de fruits pliante multicouche snacks bonbons l¨¦gumes stockage moins de 5 $?conomisez jusqu'¨¤ 90%,1
,Qiopertar Big holiday Savings! Dinosaur Tea Maker Stock Dragon Tea Bag Tea Filter Clearance Saving Up To 65% Off,1
,Qiopertar Big holiday Savings! Coffee Filter Cup Drip Cup Hand-brewed Coffee Cup Drip Filter Coffee Filter Cup For Hiking Camping Home Office Clearance Saving Up To 65% Off,1
,Qiopertar Big holiday Savings! Carton Popsicle Ice Cream Six Popsicle Box Ice Clearance Saving Up To 65% Off,1
,Qiopertar Big holiday Savings! 4 Popsicle Diy Ice Cream Ice Cream Clearance Saving Up To 65% Off,1
,Qiopertar Acier inoxydable filtre ¨¤ huile cuill¨¨re s¨¦parateur d'huile cuill¨¨re ¨¤ soupe cuill¨¨re s¨¦parateur de graisse moins de 5 $?conomisez jusqu'¨¤ 90% Clearing livraison gratuite,1
,Qiopertar Accueil fruits secs moulin ¨¤ ail moulin ¨¤ noix moulin ¨¤ noix main gingembre Grinder Clearing livraison gratuite Liquidation sp¨¦ciale cette semaine,1
,Qiopertar Accueil avec bouteille brosse ¨¤ huile bouteille d'huile en verre int¨¦gr¨¦ silicone brosse barbecue pinceau sp¨¦cial cuisine cr¨ºpes cuisson brosse ¨¤ huile,1
,Qiopertar Accueil Floating scratch Mesh bags machine ¨¤ laver sac de filtre ¨¤ linge moins de 5 $?conomisez jusqu'¨¤ 90% Clearing livraison gratuite,1
,Qiopertar Accueil Cuisine cuisini¨¨re Foil huile cuisson Hot clapet outils de cuisine moins de 5 $?conomisez jusqu'¨¤ 90% Clearing livraison gratuite,1
,Qiopertar 304 en acier inoxydable approfondir l'huile chaude po¨ºle ¨¤ frire ¨¤ l'huile huile Mini po¨ºle ¨¤ huile huile huile nouilles sp¨¦ciales gouttes d'huile petit plat ¨¤ lait,1
,Qiopertar 3 en 1 acier inoxydable double vide Cola canette bouteille de bi¨¨re 12oz refroidisseur d'isolation avec ouvre - bouteille moins de 5 $?conomisez jusqu'¨¤ 90%,1
,Qiopertar 180ml 250ml non suspendu Huile Verre ¨¦tanche cuisine Spray pot maison assaisonnement Spray pot moins de 5 $?conomisez jusqu'¨¤ 90% Clearing livraison gratuite,1
,Qiopertar 100 sachets de th¨¦ vides Brochettes de papier filtre thermique vanille sachets de th¨¦ en pin moins de 5 $?conomisez jusqu'¨¤ 90% Clearing livraison gratuite,1
,Pure Natural Maple Sugar Goodness,1
,"Previous price: 
3 for
Current price: EA",1
,,
,"Previous price: 
2 for
Current price: EA",1
,,
,Prepared in Canada,1
,Powder Spreading Bot,1
,Popcorn Machine Wal-mart Deals,1
,Popcorn Machine Flash Deals,1
,Pomelo honey,1
,Pomelo Honey,1
,Pomelo,1
,Plastic Yilush,1
,Plastic Leak Proof Student Lunch Box,1
,Plastic Akmoler,1
,Pizza Snax Pepperoni,1
,Pitted Kalamata Olives,1
,Pineapple,1
,Pickled Mustard,1
,Pepsi Classic Logo Distressed Screen Print T-Shirt-Large,1
,Peggybuy Coffee Filter Mesh Coffee Making Puck Screen for Espresso Machine (58mm),1
,Peggybuy Coffee Capsule Filter Eco-friendly Filter Cup for Home Kitchen Gadgets (Red),1
,Peggybuy Coffee Capsule Filter Eco-friendly Filter Cup for Home Kitchen Gadgets (Purple),1
,Peggybuy Coffee Capsule Filter Eco-friendly Filter Cup for Home Kitchen Gadgets (Black),1
,Pan Non Stick Reducing Cooking Mat Oven Baking Tray Sheets Subscribe to Save,1
,Pack of 6,1
,Pack of 5,1
,Pack of 20 Tea Bags,1
,Pack of 2,1
,Pack of 12,1
,Pack of 100,1
,Pack of 1,1
,PTI CORIANDER POWDER,1
,PRIME LEMONADE,1
,PP+PS Akmoler,1
,Original Flavor 1kg,1
,Organic Green,1
,Organic Gala,1
,Organic Bartlett,1
,Organic Anjou,1
,Organic,1
,Orange Giftbox,1
,One 79 G of REESE'S Big Cup with Caramel,1
,One 40ml bubly drops ? bottle,1
,Oltymes Thick Poha,1
,Office Tea Making,1
,Oat Coffee Creamer Sal Car 946ml,1
,OVEN EASY BAKE ITL SSGE PPR 879GM,1
,ORGGRNTEA 40CT,1
,ORGANIC STICKY RICE,1
,OD VARIETY PACK,1
,Nutri Large Brown Eggs,1
,Nrmrq for indoor/Outdoor Silica Gel Tea Bag Tea Filter Silica Gel Tea Filter,1
,Not Cut 3.5lbs,1
,Not Cut 2.5lbs,1
,Nongshim Shin Ramyun Black,1
,Non-woven fabric Akmoler,1
,No Crust 300g,1
,New Wireless Lavalier Microphone Microphone For Android Mobile Live Recording Interview Microphone,1
,Net Weight : 800 g / 32 packs,1
,Net Weight 2.5lbs / 40oz,1
,National Lampoon's Christmas Vacation Halloween Vacation Advent Calendar Calendar Contains 24 Christmas Decoration Arrival Calendar Christmas Countdown Calendar Advant Calendar_#052 B,1
,National Lampoon's Christmas Vacation Halloween Vacation Advent Calendar Calendar Contains 24 Christmas Decoration Arrival Calendar Christmas Countdown Calendar Advant Calendar_#023 A,1
,National Lampoon's Christmas Vacation Halloween Advent Calendar Contains 24 Advent Calendar Figures Doll Advent Calendar Countdown Calendar with Surprise Collectibles Figures Gift for Kids #064 A,1
,National Lampoon's Christmas Vacation Halloween Advent Calendar Calendar Contains 24 Christmas Decoration Arrival Calendar Christmas Countdown Calendar Advant Calendar_#073 A,1
,National Lampoon's Christmas Vacation Halloween Advent Calendar 2024 Contains 24 Gifts Advent Calendar 24 Christmas Arrival Calendar Christmas Countdown Calendar with Christmas Collectibles #023 A,1
,National Lampoon's Christmas Vacation Halloween Advent Calendar 2024 Advent Calendar Contains 24 Christmas Decoration Arrival Calendar Christmas Countdown Calendar Advant Calendar_#023 A,1
,National Lampoon's Christmas Vacation Christmas Vacation Advent Calendar 24 Days Of Holiday Advent Calendar Countdown Calendar Mystery Contains 24 Gifts Advant Calendar_#002 C,1
,National Lampoon's Christmas Vacation Christmas Vacation Advent Calendar 24 Days Of Holiday Advent Calendar Countdown Calendar Mystery Contains 24 Gifts Advant Calendar_#001 C,1
,National Lampoon's Christmas Vacation Christmas Advent Calendar 24 Days Of Holiday Advent Calendar Countdown Calendar Mystery Contains 24 Gifts Advant Calendar_#003 C,1
,National Lampoon's Christmas Vacation Christmas Advent Calendar 24 Days Of Holiday Advent Calendar Countdown Calendar Mystery Contains 24 Gifts Advant Calendar_#002 C,1
,National Lampoon's Christmas Vacation Christmas Advent Calendar 2024 Contains 24 Gifts Advent Calendar 24 Christmas Arrival Calendar Christmas Countdown Calendar with Christmas Collectibles #052 B,1
,National Lampoon's Christmas Vacation Christmas Advent Calendar 2024 Advent Calendar Contains 24 Christmas Decoration Arrival Calendar Christmas Countdown Calendar Advant Calendar_#052 B,1
,National Lampoon's Christmas Vacation Christmas Advent Calendar 2024 Advent Calendar Contains 24 Christmas Decoration Arrival Calendar Christmas Countdown Calendar Advant Calendar_#023 A,1
,National Lampoon's Christmas Vacation Advent Calendar for Teens Advent Calendar Contains 24 Christmas Decoration Arrival Calendar Christmas Countdown Calendar Advant Calendar_#073 A,1
,National Lampoon's Christmas Vacation Advent Calendar for Teens Advent Calendar Contains 24 Christmas Decoration Arrival Calendar Christmas Countdown Calendar Advant Calendar_#052 B,1
,National Lampoon's Christmas Vacation Advent Calendar for Teens 24 Days Of Holiday Advent Calendar Countdown Calendar Mystery Contains 24 Gifts Advant Calendar_#003 C,1
,National Lampoon's Christmas Vacation Advent Calendar for Teens 24 Days Of Holiday Advent Calendar Countdown Calendar Mystery Contains 24 Gifts Advant Calendar_#002 C,1
,National Lampoon's Christmas Vacation Advent Calendar 2024 Kids Advent Calendar Contains 24 Christmas Decoration Arrival Calendar Christmas Countdown Calendar Advant Calendar_#052 B,1
,National Lampoon's Christmas Vacation Advent Calendar 2024 Advent Calendar Contains 24 Christmas Decoration Arrival Calendar Christmas Countdown Calendar Advant Calendar_#073 A,1
,National Lampoon's Christmas Vacation Advent Calendar 2024 Adult Advent Calendar Contains 24 Christmas Decoration Arrival Calendar Christmas Countdown Calendar Advant Calendar_#023 A,1
,National Lampoon's Christmas Vacation Advent Calendar 2024 24 Days Of Holiday Advent Calendar Countdown Calendar Mystery Contains 24 Gifts Advant Calendar_#003 C,1
,National Lampoon's Christmas Vacation Advent Calendar 2024 24 Days Of Holiday Advent Calendar Countdown Calendar Mystery Contains 24 Gifts Advant Calendar_#002 C,1
,NERDS GUMMY CLUSTERS,1
,Mutti Passata,1
,Mini batidores de acero inoxidable batidor peque?o 5 5 pulgadas y 7 pulgadas para batir batir mezclar ingredientes mezclar salsas,1
,Mini,1
,Milk Fruit,1
,Milk 500g,1
,Mid,1
,Menudo / Afritada,1
,"Medium, ~2 - 3.5lbs",1
,Medium Fruit Salad,1
,Maxwell House Instant Coffee,1
,Mario's Luncheon Meat,1
,Marca Pina Cane Vinegar 1l,1
,Maoww Advent Calendar Christmas Hanging Pendant Gnome Non-woven Fabric DIY Wall Calendary Faceless Man Xmas Tree Decoration Gift Gray,1
,Made with real cheese,1
,MINI EASTER ASSORTMENT VARIETY DONUTS,1
,MAOWAPLG Four Compartments Seasoning Jar Compartment Multifunctional Seasoning Can of Spices Household Seasoning Combination Set Spice Can of Spices,1
,Lolmot Tea Filter Bags for Loose Tea 100Pcs Empty Teabags String Heat Seal Filter Paper Herb Loose Tea Bag,1
,Lollibombs Tomatoes,1
,Lisbinx Double Layer Candy And Dried Fruit Rotating Design Dessert Holiday Deals,1
,Lisbinx Double Layer Candy And Dried Fruit Rotating Design Dessert Flash Deals,1
,Lisbinx Birthday Cake Baking Decoration Aerospace 3-piece Set Astronaut Astronaut Star System Cake Decoration Car Decoration for Home,1
,Lisbinx 4 Hand-held Popsicles With Transparent Self-made Ice Cream With Lid Clearance Items,1
,Linguine,1
,Lightly Salted Pistachios,1
,Letairis 100x Clear Lollipops Sticks Acrylic for Home Halloween Chocolate Cake 100x Lolly Chocolate 15.2x0.3cm,1
,Lemonade,1
,Leeks,1
,"Large, 90g",1
,Large ~5.5lbs,1
,Large Fruit Tray With Dip,1
,Large Format 16 oz 454g,1
,Large 2lbs,1
,Large,1
,LSLJS 304 Three-layer Steel Thickened Hot Oil Small Pot Stainless Steel Deepened Min Splashing Oil Burning Oil Household Small Oil Pot Home Accessories,1
,Kttectoa up to 60% off Colored Flame Cles Birthday Cles Party Cake Cles CoolGood-looking Deals up to 70% off,1
,Kttectoa up to 60% off Colored Flame Cles Birthday Cles Party Cake Cles CoolGood-looking Deals on grocery,1
,Kttectoa Wal-mart Deals Cup-Shaped Coffee Pod Storage Rack For Counter Coffee Bar Flyer to p picks,1
,Kttectoa Cup-Shaped Coffee Pod Storage Rack For Counter Coffee Bar Savings,1
,Kttectoa Clearance Colored Flame Cles Birthday Cles Party Cake Cles CoolGood-looking Save 5% on vitamins & supplements,1
,Kodiak Cakes 6ct Oatmeal Packets Maple Brown Sugar,1
,Kitchen multi-function seasoning rack household countertop double-layer oil salt soy sauce vinegar storage rack stove storage seasoning jar rack.,1
,Kimberley's Bakeshoppe Halloween Mini Frosted Soft Sugar Cookies - Vanilla,1
,Keurig K-cup Pod 30ct,1
,Keurig K-Cup 30ct Pod,1
,Keurig K-Cup 10ct Pod,1
,Karymi Household Round Fruit Snacks Sugar Biscuits Striped Fruit Melon Fruit Summer Savings Flash Deal Halloween,1
,KUHN DILL PICKLES,1
,Just Add Liquid 360g,1
,Just Add Liquid - 360g,1
,Jienlioq Kitchen Supplies Clearance Star Pepper Seasoning Stick Kitchen Black Pepper Seasoning Widget Big Save,1
,JAR,1
,JANES ultimates TAVERN BATTERED COD FILLETS,1
,J. America Tailgate Hooded Sweatshirt Size up to 3Xl,1
,Iceberg Organic,1
,Iceberg,1
,Ice Cream Cone Holder Waffle Cone Holder Food Stand Clear Rack Sushi Holder for Birthday Decor Clear,1
,Ice Cream Cone Holder Waffle Cone Display Stand Clear Rack Holder Food Holder for Birthday Decor Clear,1
,"Hot, 3pcs",1
,"Hot, 2pcs",1
,"Hot, 280g",1
,"Hot ,5pcs",1
,Hot,1
,Honey Pomelo,1
,Herb & Spice,1
,Hardbite Black Sea Salt,1
,Halva Vanilla 454g,1
,Halloween Cotton Candy 3pk,1
,Hair Shampoo For Fast Hair Growth Polygonum Multiflorum Black Ganoderma Lucidum Hair Regrowth Shampoo Anti Hair Loss Effective,1
,Hachiya,1
,HUER Strawberry Frosty 1kg/2.2lbs - Cool and Refreshing Strawberry Goodness,1
,HOT,1
,Grilled Vegetable Flatbread,1
,Great Value Sweet & Salty Peanut & Salted Caramel Chewy Nut Bars,1
,Great Value Quick Cook Steel Cut Oats 1kg,1
,Grammy¡¯s Cupboard Ice Cream,1
,Gius Std Crst Pepp,1
,Gay Lea Pumpkin Spice Coconut Whipped Topping 225g,1
,Garlic,1
,Gaqring Segmented Candy Box Household Nut Box Dried Fruit Box Living Room Snack Box Plastic Fruit Box Snack Box Home Decors,1
,Ganfancp Silica Gel Tea Bag Tea Filter Silica Gel Tea Filter Holiday Deals,1
,Ganfancp Silica Gel Tea Bag Tea Filter Silica Gel Tea Filter Deals,1
,Ganfancp Home Baking Bee Rice Cake Model Critter Cake Model Weekly Deals,1
,Ganfancp Cream Horn Model Stainless Steel Roll Flared Danish Croissant Model Holiday Gift Finder,1
,GREEN GIANT Valley Selections BEAN & CARROT,1
,Fusilli,1
,Fufafayo Ustensiles de cuisine bouteille d'assaisonnement bouteille de sauce tomate bouteille de sauce salade bouteille de brosse ¨¤ huile bouteille de sauce soja bouteille d'huile,1
,Fufafayo Single hole sauce bouteille extrud¨¦e cr¨¨me sauce bouteille extrud¨¦e sauce tomate Salade bouteille extrud¨¦e moins de 5 $?conomisez jusqu'¨¤ 90% Clearing livraison gratuite,1
,Fufafayo Shaker de prot¨¦ine ¨¦lectrique Shaker ¨¦lectrique avec bo?te ¨¤ poudre tasse de m¨¦lange enti¨¨rement automatique moins de 5 $?conomisez jusqu'¨¤ 90% Clearing livraison gratuite,1
,Fufafayo Offres flash ?tudiant pencil Bag coin Bag Cosmetics Bag papeterie de bureau Teen School beige organisateur,1
,Fufafayo Offres flash Cobaye hamster sachet sac respirant portable,1
,Fufafayo Free Shipping Clearance Stereo DIY Flower Leaf Folding And Pressing Baking Fondant Cake Deals of the Week Clearance,1
,Fufafayo Free Shipping Clearance Stainless Steel Water Filter VegetableMoon Shaped Pot Side Filter Slag Separator Filter BafflePlate Two Options Deals of the Week Clearance,1
,Fufafayo Free Shipping Clearance Kitchen Pot And Seasoning Bottle Sea Pepper Powder Telescopic Seasoning Can Spoon Cover Integrated Deals of the Week Clearance,1
,Fufafayo Free Shipping Clearance Cheese Cream Cake Cheese Cheese Shape Deals of the Week Clearance,1
,Fufafayo Free Shipping Clearance Birthday Cake Baking Decoration Aerospace 3-piece Set Astronaut Astronaut Star System Cake Decoration Car Decoration Deals of the Week Clearance,1
,Fufafayo Free Shipping Clearance Bear Ice Household Ice Making Ice Tray Ice Box Coffee Ice Bear Ice Cream Deals of the Week Clearance,1
,Fufafayo Flash Deals of the Day Printed Kitchen Oil Barrier High Temperature Aluminum Foil Oil Baffle Clearance Saving Up To 65% Off,1
,Fufafayo Flash Deals of the Day Ice Cream Molds Home Make Popsicle Popsicle Diy Ice Cream Frozens Ice Block Box Ice Cream Ice Box Homemade Ice Box Popsicle Clearance Saving Up To 65% Off,1
,Fufafayo Flash Deals of the Day Home Made Ice Cream Set Box For Making Ice Cream Ice Cream Ice Cream Children's Ice Cream Stick Ice Cream Stick Clearance Saving Up To 65% Off,1
,Fufafayo Flash Deals of the Day Home Baking Bee Rice Cake Model Critter Cake Model Clearance Saving Up To 65% Off,1
,Fufafayo Flash Deals of the Day Cream Horn Model Stainless Steel Roll Flared Danish Croissant Model Clearance Saving Up To 65% Off,1
,Fufafayo Flash Deals of the Day 50pcs Empty Teabags String Heat Filter Paper Herb Loose Tea Bag Clearance Saving Up To 65% Off,1
,Fufafayo Flash Deals of the Day 100pcs Empty Teabags String Heat Filter Paper Herb Loose Tea Bag Clearance Saving Up To 65% Off,1
,Fufafayo Double couleur cuisson ensemble de trois pi¨¨ces agitation grattoir cr¨¨me grattoir brosse ¨¤ huile outils de cuisson fournitures moins de 5 $?conomisez jusqu'¨¤ 90%,1
,Fufafayo Des ¨¦conomies! Poudre de miroir solide bicolore manucure poudre de miroir ¨¤ ongles bicolore poudre de titane,1
,Fufafayo Des ¨¦conomies! Accueil brosse ¨¤ huile bouteille d'huile avec bouteille outil de barbecue int¨¦gr¨¦ brosse ressort t¨¦lescopique brosse bouteille d'huile,1
,Fufafayo Deals of The Day Popsicle Holders Bags Reusable Washable Ice Popsicle Holders 10pc,1
,Fufafayo Deals of The Day DIY Ice Cream Making Ice Box Popsicle,1
,Fufafayo Cuisine maison avec couvercle cinq trous bouteille avec graduation bouteille assaisonnement cuisine ketchup bouteille assaisonnement bouteille moins de 5 $?conomisez jusqu'¨¤ 90%,1
,Fufafayo Cuill¨¨re ¨¤ huile de filtre en acier inoxydable cuill¨¨re ¨¤ huile de filtre multifonction en acier inoxydable maille fine filtre ¨¤ huile moins de 5 $?conomisez jusqu'¨¤ 90%,1
,Fufafayo Clearing d¨¦coration de maison Silicone Tea Bag filtre ¨¤ th¨¦ silicone Tea Filter moins de 5 $?conomisez jusqu'¨¤ 90% Clearing livraison gratuite,1
,Fufafayo Clearing d¨¦coration de maison Rond 12CM ¨¦paissi isol¨¦ th¨¦ boisson tasse caf¨¦ moins de 5 $?conomisez jusqu'¨¤ 90% Clearing livraison gratuite,1
,Fufafayo Clearing d¨¦coration de maison Lollipop silicone peut r¨¦utiliser le silicone pour correspondre ¨¤ lollipop moins de 5 $?conomisez jusqu'¨¤ 90% Clearing livraison gratuite,1
,Fufafayo Clearing d¨¦coration de maison Graduation cap ¨¦poxy chocolat Fudge cake outil de cuisson moins de 5 $?conomisez jusqu'¨¤ 90% Clearing livraison gratuite,1
,Fufafayo Clearing d¨¦coration de maison Filtre ¨¤ soupe cuill¨¨re ¨¤ huile huile de cuisine filtre ¨¤ soupe pi¨¨ces s¨¦par¨¦es moins de 5 $?conomisez jusqu'¨¤ 90% Clearing livraison gratuite,1
,Fufafayo Clearing d¨¦coration de maison D¨¦tails sur Tea Pack Leaf Filter diffuseur moins de 5 $?conomisez jusqu'¨¤ 90% Clearing livraison gratuite,1
,Fufafayo Clearing d¨¦coration de maison Cuisine maison poreux ¨¦tanche miel flacon aromatisant bouteille extrud¨¦e moins de 5 $?conomisez jusqu'¨¤ 90% Clearing livraison gratuite,1
,Fufafayo Clearing d¨¦coration de maison 1 x Maison transparent sauce bouteille cuisine assaisonnement bouteille moins de 5 $?conomisez jusqu'¨¤ 90% Clearing livraison gratuite,1
,Fufafayo Clearance Promotion Popsicle Holders Bags Reusable Washable Ice Popsicle Holders 10pc,1
,Fufafayo Clearance Promotion Fruit Living Room Home Melon Nut New Year Dried Fruit Party Snack Dessert High Appearance Level Fruit,1
,Fufafayo Clearance Promotion 100 Pcs Empty Teabags String Heat Filter Paper Herb Loose Tea Bag,1
,Fufafayo Cabine t¨¦l¨¦phonique int¨¦rieure pour les personnes ?g¨¦es petite lampe ¨¤ huile H?tel sc¨¨ne arrangement ornement lumineux moins de 5 $?conomisez jusqu'¨¤ 90%,1
,Fufafayo Brosse ¨¤ huile maison assaisonnement brosse ¨¤ huile Split cuisine alimentaire brosse ¨¤ huile barbecue moins de 5 $?conomisez jusqu'¨¤ 90% Clearing livraison gratuite,1
,Fufafayo Brosse ¨¤ huile de bouteille d'huile de qualit¨¦ alimentaire avec couvercle r¨¦sistant aux temp¨¦ratures ¨¦lev¨¦es bouteille d'huile Extrusion barbecue brosse ¨¤ huile barbecue,1
,Fufafayo Bouteille distributeur de miel ketchup bouteille de lait maison bouteille d'huile en plastique r¨¦servoir d'huile moins de 5 $?conomisez jusqu'¨¤ 90% Clearing livraison gratuite,1
,Fufafayo Bouilloire cuisine sans huile maison bouteille d'huile ¨¦paissie huile de cuisson verre sp¨¦cial aromath¨¦rapie bouilloire Cuisine Restaurant bouteille d'¨¦pices,1
,Fufafayo Bouchon de bouteille de bi¨¨re scell¨¦ ¨¦tanche bouchon souple pour canette de vin rouge cola moins de 5 $?conomisez jusqu'¨¤ 90% Clearing livraison gratuite,1
,Fufafayo Acier inoxydable filtre ¨¤ huile cuill¨¨re s¨¦parateur d'huile cuill¨¨re ¨¤ soupe cuill¨¨re s¨¦parateur de graisse moins de 5 $?conomisez jusqu'¨¤ 90% Clearing livraison gratuite,1
,Fufafayo 304 en acier inoxydable approfondir l'huile chaude po¨ºle ¨¤ frire ¨¤ l'huile huile Mini po¨ºle ¨¤ huile huile huile nouilles sp¨¦ciales gouttes d'huile petit plat ¨¤ lait,1
,Fufafayo 1.3l 304 r¨¦servoir de filtre ¨¤ huile en acier inoxydable accueil grande capacit¨¦ cuisine filtre ¨¤ huile r¨¦servoir de stockage moins de 5 $?conomisez jusqu'¨¤ 90%,1
,Fryer Accessories,1
,Fruit Food Candy For Halloween Rwvbm,1
,Fried pork rinds.,1
,Freshline Large Fruit Tray,1
,Fresh Raspberries 6oz/170g clam,1
,For The Strong And Spicy Mint Lover,1
,Food And Fruit Summer Savings Up to 45% off,1
,Food And Fruit Flash Deal Wal&mart Deals,1
,Foggy Notion,1
,Flavoured Sandwich Biscuits.,1
,Flavoured Sandwich Biscuits,1
,Flavour for All,1
,"Flash Sale, Modern Ice Cube Tray, Ice Cream Molds Home Make Popsicle Popsicle Diy Ice Cream Frozens Ice Block Box Ice Cream Ice Box Homemade Ice Box Popsicle, Ice Mold,",1
,Fiudx organizer Box Segmented Candy Box Household Nut Box Dried Fruit Box Living Room Snack Box Plastic Fruit Box Snack Box,1
,Fiudx Storage Containers Segmented Candy Box Household Nut Box Dried Fruit Box Living Room Snack Box Plastic Fruit Box Snack Box,1
,Fiudx Flash Deals Sale Items Four-Compartment Snack Box,1
,Fiudx Flash Deals Of The Day Online Only Whole Grains Rice Bucket Wall-Mounted Rice Storage Tank Out Rice,1
,Fiudx Flash Deals Of The Day Mother'S Day Flower Diy Three-Dimensional Icing Household Baking Fondant Maker,1
,Fish Crisp,1
,Finger,1
,Filter Basket Included,1
,Family Size Meat Lasagna,1
,Family Size Butter Chicken,1
,FETTUCCE PASTA,1
,Enqiretly Easy To Clean Doughs Pressing Tool For Homemade Tortillas Heat-resistant Tortillas To Corn Tortillas balck 20cm,1
,Enqiretly Easy To Clean Doughs Pressing Tool For Homemade Tortillas Heat-resistant Tortillas To Corn Tortillas balck 16cm,1
,Enjoy these Sunset Wild Wonders Gourmet Medley Tomatoes!,1
,Enjoy The Happiness Of Homemade Ice Cream Save 15% on pets,1
,Ener-C - Vitamin C Effervescent Powdered Drink Mix Raspberry 1000 mg. - 30 Packet(s),1
,Elbow,1
,Egg,1
,Edible Grade Gold Leaf Schabin Flakes 1/2g Gold Decorative Dishes Chef Art Cake,1
,Easy To Operate Stainless Steel Coffee Maker Pot For Camping 50ml,1
,Earth Fresh Organic Yellow Baby Potatoes,1
,Earth Fresh Fingerling Gourmet Potatoes,1
,Ear Hanging Hand Brewed Coffee Pot,1
,Each Lollipop Comes With A Small Stick Clearance Saving Up To 65% Off,1
,EGNMCR Dispenser Snacks Of Dispenser Portable Snacks Sweets 9.5 Ounces For Dispenser Snacks Less Than 0.7 Inch Snack dispenser,1
,EACH,1
,E-TRIDENT TRIDENT SlB Wml,1
,E-TABASCO TABASCO SRIRACHA,1
,E-ROCKETS ROCKETS CANDY ROll,1
,E-NATURA MINI VANILLA,1
,E-M&MS M&MS PEANUT 345G,1
,E-HAGEN DAZS HD BRWNS&CKIEDGH,1
,E-BALZAC BALZACS BLEND GRND,1
,E-AL PREMIUM MIKO MISO BEAN CURD,1
,Diy 4 Homemade Ice Cream Chocolate Candy with 20 Wooden Sticks,1
,Dispenser With Automatic Dispenser By Pushing Down1pcs,1
,Dinner Rolls,1
,Dianli up to 60% off Gifts Ice Cream With Lid Popsicle Summer Ice Cream Shop Our Rollback Prices,1
,Dianli up to 60% off Fruit Tray Clear Snack Display Tray Candy Snack Tray Nut and Dried Fruit Storage Box Snack Tray for Kitchen and Party Food and Pantry Organization to p School picks on Rollback,1
,Dianli Wal-mart Deals DIY 4 Homemade Ice Cream Chocolate Candy With 20 Wooden Sticks Deals of the Day Clearance Prime,1
,Dianli Wal-mart Deals 6 Compartment Folding Popsicle Ice Cream Deals of the Day Clearance Prime,1
,Dianli Up to 90% Off Household ice cream DIY mixed color conjoined popsicle with lid Deals of the Day Clearance Prime,1
,Dianli Up to 90% Off 10 Popsicle Diy Ice Cream Ice Cream Todays Deals Clearance Sales,1
,Dianli Tea Filter Deals,1
,Dianli Popsicle Holders Bags Reusable Washable Ice Popsicle Holders 10pc Clearance Items,1
,Dianli Deals of the Day Clearance Prime 6 Compartment Folding Popsicle Ice Cream Wal-mart Deals,1
,Dianli Clearance Wood For And Grilling 8 Natural Flavors Of Walnut And Wood Chips Perfect For Bbq Meat Pork Chicken And Whis Limited Time Offer,1
,Dianli Clearance Cupcake Shaped Candy Box Multifunctional Fruit Shaped Candy Tray Food Storage Box Snack Candy Cookies Fruit Food Candy Christmas Holiday Deals,1
,Dianli Back to School 600pcs Disposable Plastic Colorful Straws Flexible Straws For Banquet Bar Drinks Multisave,1
,Dianli Autumn Promotion Kitchen Burger Press Meat Patty Manual Non Stick Burger Press Meat Patty Meatloaf Flyer top picks,1
,Dianli Autumn Promotion DIY Conjoined Ice Cream Silica Gel ice Cream Weekly Deals,1
,Dianli Autumn Clearance 1PC Home-made Popsicle Ice Cream Ice Cream Popsicle Subscribe to Save,1
,Destyer Press Tortillas And Crepes Easily With Durable Doughs Pressing Tool Tortillas To Corn Tortillas balck 16cm,1
,DOLITY Coffee Cone Polish Coffee Basket Stainless Steel Coffee Diameter 120mm,1
,"Customer Favorite, Classic Ice Cube Tray, Ice Cream Molds Home Make Popsicle Popsicle Diy Ice Cream Frozens Ice Block Box Ice Cream Ice Box Homemade Ice Box Popsicle, Ice Cube Tray,",1
,Cup Drink Bottle Plastic Double Layer With Straw Summer Ice Cartoon Creative For Water Coffee,1
,Cucumbers,1
,Crush Giant Freeze Pops,1
,Crisco All Vegtable Shortening,1
,Cricut Vinyl removable,1
,Cricut Foil transfer,1
,Contains one (1) 85g King Size MARS Caramel Candy Bar,1
,Commercial Seaweed Sushi Do Special Sushi Curtain Deals of the Day Clearance Prime,1
,Commercial Seaweed Sushi Do Special Sushi Curtain,1
,Collectibles Figures Gift for Kids,1
,"Cold, 6pcs 400g",1
,"Cold, 6pcs 36gx6",1
,"Cold, 6pcs 400g",1
,"Cold, 680g",1
,"Cold, 6 pcs",1
,"Cold, 5 pcs",1
,"Cold, 3pcs",1
,Cold Brew Coffee Filter Coffee Brew Infuser Stainless Steel Coffee Brew Infuser Cold Brew Coffee Strainer Cone Cold Brew Coffee Filter 304 Stainless Steel Cold Brew Coffee Filter,1
,Cold 36gx6,1
,Clearance! Household ice cream DIY mixed color conjoined popsicle with lid Deal of Day Return Pallets #21,1
,Clearance! Coffee Cup Filter Screen Double-layer Portable Hand Brewed Coffee Folding Ear Filter Drip Coffee Coffee Cup Flash Deals of The Day Deal ofthe Day #09,1
,Clearance! Coffee Cup Filter Screen Double-layer Portable Hand Brewed Coffee Folding Ear Filter Drip Coffee Coffee Cup Calf Stretch Box Today¡¯S Deal #17,1
,Clearance! Children's Donut Inflatable Stick Party Lollipop Decoration Props Cartoons Creatives Inflatable Stick Flash Deals Clearance Todays Deals In #20,1
,Clearance! Children's Donut Inflatable Stick Party Lollipop Decoration Props Cartoons Creatives Inflatable Stick Daily Deal Lightning Deals Sales #23,1
,Clearance pimelu Wireless Earbuds Bluetooth 5.0 In Ear-Weight Headphones Built-in Microphone IPX5 Immersive Premium Sound Headset With Charging Case Black Fall Savings,1
,Classico Di Basilicata Italian,1
,Christmas Decorations Glitter Head Geometric Figure Sugar Pie Game Headband Interesting Boppers Hair Hoop,1
,Christmas Children's Gift Bubble Gum Crystal Mud 24 Numbers Advent Day Blind Box Countdown,1
,Christmas Advent Calendar Santa Claus Advent Calendar With 24 Days Pocket Christmas Countdown Hanging Ornaments for Home Office Door Wall Decoration Rwvbm,1
,Chocolate Strawberry Granola Bars (120 g),1
,Chinese Long Bean,1
,Children Electric Vehicles Replacement Parts-as,1
,Chicken Salad with Cranberries Kit 96g,1
,Chakki Atta,1
,Cat Cardboard House Scratching Board Cat Scratcher House for Kitten Cat Gift Box,1
,Cat Cardboard House Cat Scratcher Hideout for Kitten Cat Small Animals Gift Box,1
,Cantaloupe Chunks,1
,Cameland Three-dimensional Easter with Pattern Dinosaur Chocolate,1
,Cactus Pear,1
,CUMIN SEEDS,1
,CONTINENTAL : GRAND PRIX 5000 : TRANSPARENT : 700 X 28,1
,CElSIUS TROPICAl,1
,By package,1
,Brussels Sprouts,1
,Brussel sprouts,1
,Brown Whole Organic,1
,Broccoli,1
,Brisk Strawberry Iced Tea 710ml,1
,Box,1
,Bolsa de dulces de conejito de Pascua tarjetas de Piruleta de conejo lindo cajas de embalaje de regalos de galletas de Chocolate decoraci¨®n de fiesta de cumplea?os de feliz Pascua,1
,Bobbles Wal&mart Deals Flash Deal,1
,Blueberries,1
,Birdeem Four Compartments Seasoning Jar Compartment Multifunctional Seasoning Can Of Spices Household Seasoning Combination Set Spice Can Of Spices,1
,Big Savings Clearance pimelu Stay Cool And Dive Into A Sweet Escape With Our 4-Hole Ice Cream Enjoy DIY Ice Cream Ice Pops And Novelties At Home Ice Canada Day,1
,Bick¡¯s No Garlic Dill Pickles,1
,Beer Bottle OpenerBeverage Beer DriverMultifunctional Bottle OpenerCap OpenerHome Bottle DriverCap Opener Rwvbm,1
,Beef Burgers,1
,Beans,1
,Basil Marinara Pasta Sauce,1
,Basil,1
,Baohd Remove Heavy Metals And Contaminants Water Filter For Cleaner Brew And Floating Debris Coffee Filter light blue,1
,Bagels and More Summer Savings Clearance,1
,Bagels and More Holiday Savings,1
,Bagels and More Fall Savings Home Savings Clearance Clearance Summer Clearance,1
,Bag of 5,1
,Bag of 12,1
,Back Attached 3lbs,1
,Baby Mango,1
,BUT CHICKEN KIBBEH,1
,BIG DADDY Double Chocolate Cookies,1
,Atypique Mojito 4pk,1
,Atemoya,1
,Ataulfo Mango,1
,Assorted Colors,1
,Assorted 200g,1
,Around 5 per tray,1
,Approximately 2kg,1
,ApproximateLy 5 tomatoes per cLuster,1
,Appeti,1
,ALL USE,1
,ABPWLY Rice Bucket Box Household Sealed Large Capacity Insect Proof Dampness-proof Flour Miscellaneous Grains Press Storage Tank One Click Grain Release With Rice Cup Hottest Deals Winter Savings Chri,1
,A tray contains on average 900g,1
,A tray contains on average 800g,1
,A tray contains on average 500g,1
,A tray contains on average 2000g,1
,A tray contains on average 1100g,1
,A good source of plant protein without the work,1
,A bag contains on average 900g,1
,A QUALITY PRODUCT FROM THE HOUSE OF LAL QILLA,1
,A HEALTHY CHOICE FOR AUTHENTIC TASTE,1
,A Delightfully Refreshing and Tangy Treat,1
,9pcs 260g,1
,9g,1
,98gx5,1
,98gx4,1
,97gx4,1
,978g,1
,977g,1
,96gx4,1
,965g,1
,962g,1
,95gx5,1
,95g x 16,1
,955g,1
,946ml Coffee Whitener,1
,945g,1
,93mlx8,1
,93ml x 8,1
,93gx4,1
,936g,1
,935g,1
,926g,1
,92.4g,1
,912g,1
,910g,1
,90ml Cream Bar,1
,90ml,1
,90gx6,1
,90gx5bags,1
,90g x 4,1
,909g,1
,9.1g,1
,9-11kg,1
,8x200ml,1
,8x15g,1
,8x15.0g,1
,8un,1
,8lbs,1
,8l,1
,8gx3,1
,8gx12,1
,892g,1
,890ml Coffee Whitener,1
,888g,1
,885g,1
,87gx5,1
,879g,1
,866g,1
,865g,1
,864g,1
,85ml,1
,85gx2,1
,85g x 6,1
,853g,1
,851g,1
,85.4g,1
,848g,1
,834g,1
,82gx5,1
,82g,1
,822g,1
,819g,1
,810ml,1
,81.2g,1
,80ml x 8,1
,80gx8,1
,80gx6,1
,80gx5,1
,80g 80g,1
,805g,1
,80 x 3.125g,1
,80 x 20ml,1
,8.5oz,1
,"8"" x 8"" x 3.5"" (12.5"")",1
,8 x 77g,1
,8 x 66g,1
,8 x 50g,1
,8 x 46g,1
,8 x 44.375ml,1
,8 x 38g,1
,8 x 31g,1
,8 x 29.75g,1
,8 x 28g,1
,8 x 25ml,1
,8 x 22g,1
,8 x 18g,1
,8 x 14g,1
,8 x 140ml,1
,8 x 12.5g,1
,8 x 113.375g,1
,8 un - 400g,1
,8 oz,1
,8 osso bucco per tray,1
,8 lb,1
,8 in - 850g,1
,8 cubes per tray,1
,8 brownies x 19g,1
,8 Waffles,1
,8 Cappuccinos,1
,7lbs,1
,7kg,1
,798g,1
,795ml,1
,784g,1
,778g,1
,76g,1
,75gx4,1
,75gx12,1
,75g x 6,1
,75g x 4,1
,750g Greek Yogurt Tub,1
,750G,1
,748g,1
,747g,1
,74 g - 8un,1
,73ml,1
,735g,1
,72ml x 3,1
,72g x 4,1
,728g,1
,726g,1
,725ml,1
,716g,1
,712g,1
,70ml x 8,1
,70ml x 4,1
,702g,1
,7-9kg,1
,7 x 14.5g,1
,7 x 14 g Sachets,1
,7 oz),1
,7 oz,1
,7 lb bag,1
,7 lb,1
,7 Portable Bartending Tools Cocktail Mixer Bartender Accessories (350ml),1
,6x60g,1
,6x591ml,1
,6x473.0ml,1
,6x42g,1
,6x36g,1
,6x30.0g,1
,6x240ml,1
,6x108.0g,1
,"6pcs,400g",1
,"6pcs, Cold",1
,"6pcs, 380g",1
,6pcs 35gx6,1
,6oz,1
,6in,1
,6g,1
,6CT WELCHS JFULS MF,1
,698g,1
,694g,1
,692g,1
,691g,1
,68mlx7,1
,68ml,1
,68g x 6,1
,682ml,1
,680 g / 1.5 lb,1
,675ml,1
,672g,1
,66pcs,1
,662ml,1
,65gx5bags,1
,65gx5,1
,658g,1
,655g,1
,652g,1
,650G,1
,640 g.,1
,63ml x 5,1
,62ml x 5,1
,626g,1
,625g Yogurt Tub,1
,61.6g,1
,60mlx5,1
,60ml x 5,1
,606g,1
,603g,1
,600g+30ml,1
,60 Pellets,1
,6/9pcs Yummy Plush Cheesy Puffs Giant Stuffed Bag Of Plush Cheese Snacks Gift/9 Small Balls/,1
,6.3 oz,1
,6-8 Thighs,1
,6 x 90ml,1
,6 x 85g,1
,6 x 80g,1
,6 x 76g,1
,6 x 72g,1
,6 x 70g,1
,6 x 66ml,1
,6 x 60ml Milk Tea & Boba Pearls,1
,6 x 56g,1
,6 x 54.333g,1
,6 x 48.5g,1
,6 x 43g,1
,6 x 35ml,1
,6 x 30g,1
,6 x 295ml,1
,6 x 240ml,1
,6 x 22g,1
,6 x 18g,1
,6 x 140ml,1
,6 x 104ml,1
,6 x 100ml,1
,6 x 1.5l,1
,6 un - 420g,1
,6 un - 390g,1
,6 un - 330g,1
,6 un - 300g,1
,6 tournedos per tray,1
,6 to 8 per tray,1
,6 rolls,1
,6 pieces,1
,6 pack,1
,6 legs per tray,1
,6 dessert cups,1
,6 CT,1
,5oz,1
,5ml Per Pack of 100 Beads,1
,5lb,1
,5l,1
,5gx6,1
,5gx2,1
,5gx18,1
,5gx12 packs,1
,5ea,1
,597g,1
,590ml,1
,58gx6,1
,589g,1
,587g,1
,585mlx4,1
,584g,1
,581g,1
,58.5mm / 2.3in,1
,577g,1
,573g,1
,56ml x 5,1
,562ml,1
,55ml x 6,1
,55gx4,1
,558g,1
,551ml,1
,550kg,1
,546ml,1
,54.6g,1
,53pcs,1
,538g,1
,530g+30ml,1
,52pcs,1
,528ml,1
,528.3ml,1
,525ml,1
,521g,1
,513g,1
,512g,1
,510gx2+510ml,1
,50pcs Empty Teabags String Heat Filter Paper Herb Loose Tea Bag,1
,50pcs,1
,50mlx30,1
,50mlx20,1
,50gx6 pcs,1
,50gx2,1
,50gx12,1
,50g x 2,1
,50Pcs Coffee Filter Paper Basket Coffee Filters Paper Filters Paper for Coffee Machine S,1
,506g,1
,500mlx24,1
,5.9 kg (serves 70-90),1
,5.5lbs,1
,5.3 oz,1
,"5-Item Combo, 600g",1
,5-7kg,1
,5 x 90g,1
,5 x 9.6g,1
,5 x 85g,1
,5 x 77g,1
,5 x 34g,1
,5 x 33g,1
,5 x 200g,1
,5 x 140g,1
,5 x 120g,1
,5 to 6 units per package,1
,5 steaks per tray,1
,5 pieces,1
,5 pack,1
,5 fish per tray,1
,5 chops per tray,1
,5 Stems,1
,4x99g,1
,4x75g,1
,4x178g,1
,4x120g,1
,4x115g,1
,4x 55ml,1
,4pcs x 10packs,1
,4g,1
,4X240ml,1
,4D Gummy Eyeballs - 40ct,1
,498g,1
,495g,1
,494g,1
,48ml x 8,1
,48g x 18,1
,483ml,1
,48 x 42ml,1
,476ml,1
,474ml,1
,473ml Ice Cream,1
,472ml,1
,472g,1
,471ml,1
,471g,1
,465g,1
,462g,1
,46.4g,1
,45mlx10,1
,45ml x 7,1
,45ml x 6,1
,45gx4,1
,45gx12,1
,457g,1
,454 g / 1 lb bag,1
,454 g - 4un,1
,453.6g,1
,451g,1
,44ml,1
,44gx10,1
,447g,1
,444g,1
,44.2g,1
,44 per pack,1
,437g,1
,435ml,1
,433g,1
,432ml,1
,430gx1,1
,430g+14ml,1
,42.8gx3,1
,42.5g,1
,419g,1
,417g,1
,416g,1
,413g,1
,40pcs,1
,40mlx3,1
,40lbs,1
,40lb,1
,40gx6,1
,40gx4,1
,40gx3,1
,40g x 3,1
,40g x 20,1
,403g,1
,40.5g,1
,40 x 38.5g,1
,40 x 37g,1
,40 x 31g,1
,4.8l,1
,4.8kg,1
,4.7 oz,1
,4.5oz,1
,4.5lbs,1
,4-Color Baking Powder Highlighting Powder Repairing Powder And Brightening Holiday Gift Finder,1
,4-5 oz,1
,4 x 93g,1
,4 x 93.75g,1
,4 x 85g,1
,4 x 84.5g,1
,4 x 7g,1
,4 x 49g,1
,4 x 480g,1
,4 x 46g,1
,4 x 44g,1
,4 x 42g,1
,4 x 42.5g,1
,4 x 35g,1
,4 x 341ml,1
,4 x 30g,1
,4 x 240ml,1
,4 x 237ml,1
,4 x 22.5ml,1
,4 x 200g,1
,4 x 15ml,1
,4 x 15.25g,1
,4 x 14.5g,1
,4 x 110ml,1
,4 x 103g,1
,4 x 102g,1
,4 x 100g Greek Yogurt Cups,1
,4 un - 500g,1
,4 un - 475g,1
,4 un - 400g,1
,4 un - 350g,1
,4 oz.,1
,4 oz,1
,"4 for
EA",1
,,
,4 L bag,1
,4 Croissants Buns x 75g,1
,3pcs,1
,3lt Basket,1
,3lb,1
,3gx24,1
,3ea,1
,398mlx12,1
,390 g total,1
,38pcs,1
,38gx13pcs,1
,389g,1
,386g,1
,382g,1
,38.8g,1
,37pcs Pretend Fruit Birthday Cake with Candles Preschool Blue,1
,37ml,1
,379g,1
,377g,1
,375gx12,1
,374ml,1
,371g,1
,37.4g,1
,36gx8,1
,36gx15,1
,36gx10,1
,36gx1,1
,366g,1
,364g,1
,363g,1
,362ml,1
,35gx13pcs,1
,35gx12pcs,1
,358g,1
,357g,1
,356g,1
,352ml (4 x 88ml),1
,34pcs,1
,347g,1
,345mlx6,1
,344.5g,1
,341mlx12,1
,340gx6,1
,340gx3,1
,340 g Bag,1
,33gx15,1
,33gx10,1
,335ml,1
,334g,1
,332g,1
,331g,1
,330mlx8,1
,"32pcs, 249.6g",1
,32pcs,1
,32gx12,1
,321g,1
,320gx6,1
,"31pcs, 269.2g",1
,316g,1
,314g,1
,312ml,1
,310mlx24,1
,31.2g,1
,30x355.0ml,1
,30x10ml,1
,30gx9pcs,1
,30gx9,1
,30gx8,1
,30gx24pcs,1
,30gx24pc,1
,30gx16,1
,30gx15,1
,30gx14packs,1
,30gx13pcs,1
,30gx12pcs,1
,30ea,1
,30Pc,1
,302g,1
,30.9g,1
,30 x 8g,1
,30 x 33.5GM,1
,30 pcs,1
,30 bars,1
,3.94kg,1
,3.79l,1
,3.6kg,1
,3.5 oz,1
,3.2l,1
,3.25kg,1
,3-5kg,1
,3 x 50g,1
,3 x 43g,1
,3 x 375ml,1
,3 x 20g,1
,3 x 140g,1
,3 x 12.5g,1
,3 units per bunch,1
,3 to 5 per tray,1
,3 to 4 per tray,1
,3 lbs,1
,3 lb bag,1
,3 kebab per tray,1
,3 kabobs per tray,1
,3 in - 120g,1
,"3 for
EA",1
,,
,3 for,1
,3 fish per tray,1
,3 count,1
,2?lb,1
,2x75g,1
,2x70g,1
,2x63g,1
,2x60g,1
,2x56g,1
,2x54g,1
,2x43g,1
,2x155g,1
,2x112g,1
,2un,1
,2pcs Swing Tree Hanging Rope Hammock Extender Adjustable Suspension Strap,1
,2pcs,1
,2oz,1
,2gx50,1
,2Kg,1
,2KG,1
,299g,1
,298ml,1
,297ml,1
,296 per pack,1
,295g 295g,1
,295 xml,1
,294ml,1
,28gx24pcs,1
,28gx24pc,1
,28gx10,1
,289ml,1
,287ml,1
,287g,1
,284 g - Ground Coffee,1
,282ml,1
,280 g (Assorted Bag),1
,28 per pack,1
,27pcs,1
,27ml x 9,1
,27gx10,1
,275.5g,1
,275 g / pack,1
,275 G,1
,27.5gx30,1
,27 per pack,1
,26gx14,1
,266ml,1
,26.4g,1
,25gx40,1
,25gx30,1
,25gx16,1
,25gx14,1
,25gx13,1
,25gx10,1
,25gX6,1
,259g,1
,256ml,1
,255gx6,1
,251gx6,1
,250mlx4,1
,250mlx3,1
,250mlx10,1
,250gX6,1
,250g pouch,1
,250 GR,1
,24x355.0ml,1
,24un,1
,"24pcs,300g",1
,"24pcs, 249g",1
,24gx20,1
,249g,1
,248ml,1
,246g,1
,245mlx6,1
,245mlx12,1
,242g,1
,240mlx12,1
,240g. Made in Canada.,1
,240g x 5,1
,24 x 99g,1
,24 x 99.542g,1
,24 x 75ml,1
,24 x 29.583g,1
,24 x 14g,1
,24 x 110ml,1
,24 x 100g,1
,24 x 0.5l,1
,24 Pockets Santa Claus Christmas Advent Calendar Candy Felt Decoration Wall Hanging Ornament Snacks Biscuits Home Bedroom Living Room Decoration Red,1
,24 Pieces Christmas Calendar Bags DIY Candy Snacks Gift Gift Bag Birthday Storage Holiday Home Decoration with Stickers Clips for Adults A,1
,24 Pieces Christmas Calendar Bags DIY Candy Snacks Candy Punch Fabric Gift Storage Holiday Home Decoration with Stickers Clips for Adults A,1
,24 Pack Reusable Popsicle Bags Ice Pop Sleeves Antifreezing Sleeves,1
,23pcs,1
,23gx12,1
,237.6g,1
,233g,1
,2310g,1
,230mlx10,1
,230gx10,1
,230gx1+160gx7,1
,230gr,1
,2270g,1
,226g / 2 per pack,1
,225gx6,1
,225gx4,1
,222gx2,1
,220gx4,1
,220gx10,1
,22 x 28g,1
,218g,1
,215ml,1
,215gx2,1
,211g,1
,210ml,1
,210gx6,1
,210gx2,1
,21.6g,1
,20x360.0g,1
,"20pcs, 156g",1
,20gx6,1
,20gx24,1
,20gx16,1
,20ea,1
,20Pc,1
,2095g,1
,207g,1
,205ml,1
,205 GM,1
,2040g,1
,200ml x 6,1
,200gx3,1
,200g x 5,1
,200GM,1
,200 gr,1
,200 g-Aged 17-18 Months,1
,200 g Bag,1
,200 GM,1
,20 x 75g,1
,20 x 60ml,1
,20 x 37.5g,1
,20 tea bags,1
,20 ct,1
,2/4/6pcs Sodium Bicarbonate Baking Soda Multi-functional Decontamination Cleaning Powder Decontamination White Powder White Soda,1
,2.9 kg (serves 30-40),1
,2.8l,1
,2.8KG,1
,2.85kg,1
,2.64LTR,1
,2.5dz,1
,2.5 lb,1
,2.4l,1
,2.4kg,1
,2.353kg,1
,2.342kg,1
,2.3 Kg,1
,2.275kg,1
,2.271kg,1
,2.27 KG,1
,2.1kg,1
,2.12kg,1
,2.1 lb - 2.5 lb each,1
,2.05-2.29 kg each,1
,2.016l,1
,2.00 - 4.00kg,1
,2-4 Cups,1
,2 x 300g,1
,2 x 28g,1
,2 x 285g,1
,2 x 235g,1
,2 x 150g,1
,2 x 130g,1
,2 x 120ml,1
,2 x 1.25l,1
,2 to 3 per tray,1
,2 tenderloins per tray,1
,2 souvlaki per tray,1
,2 ribs per tray,1
,2 racks per tray,1
,2 pcs,1
,2 medallions per tray,1
,2 legs per tray,1
,2 kabobs per tray,1
,"2 for
PK",1
,,
,2 escalopes per tray,1
,2 drumsticks per tray,1
,2 chickens per tray,1
,2 burgers per tray,1
,2 burger per tray,1
,2 breasts per tray,1
,2 bones per tray,1
,2 beef kabob per tray,1
,2 Lb,1
,1~10pcs Sodium Bicarbonate Baking Soda Multi-functional Decontamination Cleaning Powder Decontamination White Powder White Soda,1
,1pc No.02 5PCS,1
,1pc No.02 1 Pc,1
,1g,1
,1Box,1
,19gx15,1
,197g,1
,195ml,1
,193 Grams,1
,190ml Yogurt Drink,1
,190gx4,1
,18un,1
,18lbs,1
,18lb,1
,18gx25,1
,187.5gx2,1
,185gx8,1
,185gx1+95gx7,1
,185gx1,1
,184gx3,1
,183g,1
,181g,1
,180GM,1
,18.9l,1
,18.1kg,1
,18 x 33g,1
,18 x 10.611g,1
,18 Pellets,1
,18 Pcs,1
,18 Count,1
,17gx20,1
,17gX10,1
,179g,1
,1775g,1
,175g+55gx8,1
,175 g (5 x 35 g),1
,173g,1
,170gr,1
,1700g,1
,16x100g,1
,16lbs,1
,16gx18,1
,1625g,1
,162.5g,1
,161g,1
,160gx4,1
,1600g,1
,16/32/48pcs X Power Coffee For Men All Natural Ginseng Maca Relieve Stress Energy Sexual Desire,1
,16 x 9g,1
,16 per tray,1
,16 oz,1
,15x39g,1
,"15pcs, 895g",1
,15gx25,1
,15gx10,1
,157ml,1
,1575g,1
,152.8g,1
,151g,1
,150gx6,1
,150gx5,1
,150g Bag,1
,150 g Shelly Senbei Rice Crackers,1
,15 oz,1
,15 lb,1
,149g,1
,148.8g,1
,147ml,1
,147g,1
,146g,1
,1460ml,1
,145mlx12,1
,145.8g,1
,145.6g,1
,1440g,1
,143gx5,1
,141gx5,1
,141.8g,1
,140un,1
,140mlx5,1
,1400g,1
,14*65g,1
,14 x 29.286g,1
,14 x 14g,1
,14 oz,1
,1380g,1
,138 g * 5 pk,1
,137gx4,1
,1375g,1
,1360g,1
,134gx5,1
,133ml,1
,133gx5,1
,1330g,1
,132gx5,1
,130G NET RAINBOW MIX,1
,1300g 1lb,1
,12¡Á100g,1
,12x355.0ml,1
,12x283.0g,1
,12x228.0g,1
,12un,1
,12l,1
,12g x 10,1
,1280g,1
,127gx4,1
,126gx5,1
,125mlx20,1
,125gx5,1
,1250ml,1
,120mlx8,1
,120mlx12,1
,120gx10,1
,120g+88gx8,1
,120.5g,1
,12-pieces,1
,12-pack,1
,12 x 99g,1
,12 x 90g,1
,12 x 75ml,1
,12 x 63ml,1
,12 x 58g,1
,12 x 48ml,1
,12 x 473ml,1
,12 x 34.167g,1
,12 x 32g,1
,12 x 28g,1
,12 x 250ml,1
,12 x 22.75g,1
,12 x 200g,1
,12 x 110ml,1
,12 x 1.5l,1
,12 un - 300g,1
,12 thighs per tray,1
,12 pk,1
,12 oysters,1
,12 bars x 60ml,1
,12 Stems,1
,12 Count,1
,11pc,1
,118ml,1
,1180g,1
,118.8g,1
,117gx5,1
,116gX5,1
,115gx5,1
,1157g,1
,1150g,1
,114ml,1
,113gx5,1
,113.7g,1
,113.4g,1
,110gx6,1
,110gx5,1
,11.2g,1
,10x28.0g,1
,10pcs 230g,1
,10gx10,1
,10S,1
,108gx5,1
,1085g,1
,1080g,1
,106gx6,1
,106gx5,1
,1060g,1
,105gx4,1
,1050g,1
,103ml,1
,103g,1
,102gx4,1
,1020g,1
,101gx6,1
,101gx5,1
,101gX6,1
,1015g,1
,100pcs/Bag 10x10cm Square Sweets Chocolate Lolly Candy Package Foil Chocolate Sheet Candy Package 10x10cm Square Foil Paper Sheets Wedding Shower Party Favors,1
,100mlx3,1
,100gx4pcs,1
,100gx30,1
,100gx2,1
,1008g,1
,100 unidades,1
,100 gr,1
,100 Pieces Canvas Drawstring Bags Filter ColorCanvas Drawstring Solid Color Fine Mesh Reliable Fast Drying Spice Bag for Hold Crafts Tea Leaf 7*9cm,1
,10.5g,1
,10.3g,1
,10.2g,1
,10.1g,1
,10 x 94g,1
,10 x 76g,1
,10 x 75g,1
,10 x 70g,1
,10 x 4g,1
,10 x 40ml,1
,10 x 3g,1
,10 x 38g,1
,10 x 34g,1
,10 x 27.5g,1
,10 x 2.6g,1
,10 x 2.4g,1
,10 x 180ml Pouches,1
,10 x 13g,1
,10 to 14 per tray,1
,10 to 12 wings per tray,1
,10 to 12 per tray,1
,10 pcs,1
,10 lb bag,1
,10 drumsticks per tray,1
,10 bars,1
,10 Stems,1
,10 Lb,1
,1.95kg,1
,1.88kg,1
,1.82kg,1
,1.812kg,1
,1.75L Oat Milk,1
,1.75 xl,1
,1.74l,1
,1.728kg,1
,1.68kg,1
,1.625kg,1
,1.5lb,1
,"1.5l, 50% Less Sugar",1
,1.5gx100,1
,1.50 - 4.00kg,1
,1.50 - 3.10kg,1
,1.47kg,1
,1.475kg,1
,1.45kg,1
,1.44l,1
,1.40 - 1.54kg,1
,1.39kg,1
,1.362kg,1
,1.36 kg / 3lb,1
,1.36 kg / 3 lb,1
,1.332l,1
,1.325kg,1
,1.2lbs,1
,1.27kg,1
,1.275kg,1
,1.256kg,1
,1.24kg,1
,1.23kg,1
,1.22kg,1
,1.19kg,1
,1.18kg,1
,1.17kg,1
,1.176kg,1
,1.171kg,1
,1.137l,1
,1.13 - 1.83kg,1
,1.12ea,1
,1.12 - 1.33kg,1
,1.116kg,1
,1.06kg,1
,1.03kg,1
,1.038kg,1
,1.02 - 1.19kg,1
,1.00 - 1.00kg,1
,1-3pcs Nugen Bloom Collagen Coffee -pure Organic Coffee(10 Bags/box),1
,1-3box Googeer Body Sculpting Tea,1
,1-1.5 lb,1
,1 x 250ml,1
,1 un,1
,1 turkey per tray,1
,1 tray,1
,1 scallop,1
,1 roast,1
,1 rack per tray,1
,1 pint,1
,1 par barquette,1
,1 or 2 chops per tray,1
,1 liver per tray,1
,1 lb.,1
,1 kg Bag,1
,1 case,1
,1 botte,1
,1 Whole Chicken,1
,1 Pack/~3lbs,1
,1 Pack,1
,1 Kg,1
,1 Each,1
,1 Coconut,1
,1 Bunch,1
,9296,1
,0.98kg,1
,0.93kg,1
,0.92 - 1.22kg,1
,0.907kg,1
,0.8lbs,1
,0.8kg,1
,0.83kg,1
,0.83 - 1.65kg,1
,0.825kg,1
,0.80 - 1.40kg,1
,0.7lbs,1
,0.7lb,1
,0.775kg,1
,0.76 - 1.40kg,1
,0.76 - 1.12kg,1
,0.75kg,1
,0.74 - 1.45kg,1
,0.70g,1
,0.675kg,1
,0.67 - 0.68kg,1
,0.66kg,1
,0.63 - 0.86ea,1
,0.62 - 0.80kg,1
,0.60 - 1.80kg,1
,0.60 - 0.84kg,1
,0.5oz,1
,0.5lbs,1
,0.5g Each Time under $5 Saving Up To 90% Off,1
,0.5g Each Time Up to 40% offThe Big Save,1
,0.5g Each Time Clearance Saving Up To 65% Off,1
,0.575kg,1
,0.57 - 0.80kg,1
,0.515kg,1
,0.51 - 0.85kg,1
,0.50 - 1.60kg,1
,0.4lbs,1
,0.495kg,1
,0.47kg,1
,0.464kg,1
,0.45 - 1.60kg,1
,0.438kg,1
,0.42 - 1.10kg,1
,0.42 - 0.95kg,1
,0.42 - 0.53kg,1
,0.42 - 0.51kg,1
,0.39kg,1
,0.39 - 0.51kg,1
,0.34 - 0.63kg,1
,0.34 - 0.45kg,1
,0.32 - 1.35kg,1
,0.32 - 0.35kg,1
,0.30 - 1.50kg,1
,0.30 - 0.60kg,1
,0.30 - 0.58kg,1
,0.2lbs,1
,0.297kg,1
,0.29 - 1.37kg,1
,0.28 - 0.57kg,1
,0.25lbs,1
,0.25 - 0.80kg,1
,0.25 - 0.60kg,1
,0.25 - 0.35kg,1
,0.25 - 0.28kg,1
,0.24 - 0.42kg,1
,0.24 - 0.39kg,1
,0.23kg,1
,0.235kg,1
,0.23 - 0.39kg,1
,0.22 - 0.49kg,1
,0.208kg,1
,0.20 - 1.00kg,1
,0.20 - 0.90kg,1
,0.19kg,1
,0.19 - 0.75kg,1
,0.18 - 0.30kg,1
,0.17 - 0.20kg,1
,0.16kg,1
,0.15 - 0.43kg,1
,0.15 - 0.24kg,1
,0.15 - 0.23kg,1
,0.14 - 0.45kg,1
,0.12 - 0.15kg,1
,0.10 - 0.14kg,1
,0.09 - 1.39kg,1
,0.09 - 0.22kg,1
,0.07 - 0.23kg,1
,0.06 - 0.17kg,1
,0.06 - 0.17ea,1
,0.06 - 0.15kg,1
,0.05 - 0.40kg,1
,0.05 - 0.35kg,1
,0.03 - 0.11kg,1
,(5) weeding tools,1
,($8.97 per item),1
,($70.49 per item),1
,($7.49 per item),1
,($6.97 per item),1
,($6.79 per item),1
,($6.59 per item),1
,($6.00 per item),1
,($57.00 per item),1
,($5.69 per item),1
,($4.39 per item),1
,($4.19 per item),1
,($39.99 per item),1
,($35.29 per item),1
,($34.99 per item),1
,($32.99 per item),1
,($30.00 per item),1
,($3.89 per item),1
,($27.99 per item),1
,($21.99 per item),1
,($2.89 per item),1
,($2.16 per item),1
,($2.09 per item),1
,($19.99 per item),1
,($14.99 per item),1
,($1.66 per item),1
,($1.24 per item),1
,($1.09 per item),1
,($0.66 per item),1
,($0.50 per item),1
,($0.39 per item),1
,($0.38 per item),1
,($0.25 per item),1
,( ),1
,$95.88/1kg $43.50/1lb,1
,$94.99 ,1
,$9.92/1kg $4.50/1lb,1
,$9.68/1kg $4.39/1lb,1
,$9.46/1kg $4.29/1lb,1
,$9.02/1kg $4.09/1lb,1
,$89.98 ,1
,$8.80/1kg,1
,$8.77/1kg $3.98/1lb,1
,$8.58/1kg $3.89/1lb,1
,$8.35/1kg $3.79/1lb,1
,$8.13/1kg $3.69/1lb,1
,$8.00/1kg $3.63/1lb,1
,$79.99 ,1
,$74.94/1kg $34.00/1lb,1
,$71.99 ,1
,$7.86/1kg $3.57/1lb,1
,$7.71/1kg $3.50/1lb,1
,$7.70/1kg $3.49/1lb,1
,$7.70/100g $77.03/1kg,1
,$7.47/1kg $3.39/1lb,1
,$7.29 ,1
,$7.25/1kg $3.29/1lb,1
,$7.19/100g $32.62/1lb,1
,$69.98 ,1
,$69.90/1kg $31.72/1lb,1
,$69.42/1kg $31.50/1lb,1
,$67.90/1kg,1
,$65.00/1kg $29.49/1lb,1
,$64.58/1kg $29.30/1lb,1
,$62.81/1kg $28.50/1lb,1
,$6.61/100g $66.12/1kg,1
,$6.37/1kg $2.89/1lb,1
,$59.90/1kg $27.18/1lb,1
,$59.50/1kg $27.00/1lb,1
,$58.84/1kg $26.70/1lb,1
,$57.90/1kg $26.27/1lb,1
,$57.90/1kg,1
,$56.99 ,1
,$56.42/1kg $25.60/1lb,1
,$51.79/1kg $23.50/1lb,1
,$51.78/1kg $23.49/1lb,1
,"$5.99
EA",1
,,
,$5.50/1kg $2.50/1lb,1
,$48.46/1kg $21.99/1lb,1
,$47.38/1kg $21.50/1lb,1
,$47.37/1kg $21.49/1lb,1
,$46.26/1kg $20.99/1lb,1
,$45.98 ,1
,$44.99 ,1
,$42.53/1kg $19.30/1lb,1
,$4.99/1kg $2.26/1lb,1
,$4.99/100g,1
,$4.69/100g $21.28/1lb,1
,$4.48 ,1
,$4.41/1kg,1
,$4.40/1kg $2.00/1lb,1
,$4.37/1kg,1
,$4.34/1kg $1.97/1lb,1
,$4.32/1kg $1.96/1lb,1
,$4.29/100g $19.46/1lb,1
,$4.14/1kg,1
,$38.71/1kg $17.56/1lb,1
,$38.34/1kg $17.40/1lb,1
,$37.48/1kg $17.01/1lb,1
,$36.99 ,1
,$35.25/1kg,1
,"$34.99
EA",1
,,
,$34.99 ,1
,$33.27/1kg $15.10/1lb,1
,"$32.99
EA",1
,,
,$31.99 ,1
,$31.98 ,1
,$31.94/1kg $14.49/1lb,1
,$30.87/1kg $14.01/1lb,1
,$3.99/100g $18.10/1lb,1
,$3.54/100g $35.35/1kg,1
,$3.54/100g $16.04/1lb,1
,$3.52/100g $15.96/1lb,1
,$3.51/1kg $1.59/1lb,1
,$3.50/100g,1
,$3.49/100g,1
,"$3.49
EA",1
,,
,$3.30/1kg $1.50/1lb,1
,$3.29/100g $32.90/1kg,1
,$3.29 ,1
,$3.26/1kg $1.48/1lb,1
,$3.19 ,1
,$3.08/100g $30.84/1kg,1
,$3.00/100g,1
,$29.90/1kg $13.57/1lb,1
,$29.90/1kg,1
,$29.08/1kg $13.19/1lb,1
,$28.63/1kg,1
,$28.39/1kg $12.88/1lb,1
,$27.98/1kg $12.70/1lb,1
,$27.97/1kg $12.69/1lb,1
,$27.54/1kg,1
,$27.53/1kg $12.49/1lb,1
,$26.98 ,1
,$26.87/1kg $12.19/1lb,1
,$26.44/1kg $12.00/1lb,1
,$25.99/1kg $11.79/1lb,1
,$25.77/1kg $11.69/1lb,1
,$24.90/1kg $11.30/1lb,1
,$24.90/1kg,1
,$24.45/1kg $11.09/1lb,1
,$24.23/1kg,1
,$230.00 ,1
,$23.99/1kg $10.88/1lb,1
,$23.57/1kg $10.69/1lb,1
,$23.56/1kg $10.69/1lb,1
,$23.10/1kg $10.48/1lb,1
,$22.69/1kg $10.29/1lb,1
,$22.46/1kg $10.19/1lb,1
,$22.05/1kg $10.00/1lb,1
,$22.02/1kg,1
,$21.98 ,1
,$21.54/1kg $9.77/1lb,1
,$20.48/1kg $9.29/1lb,1
,$20.00 ,1
,$2.99/100g $13.57/1lb,1
,"$2.99
PK",1
,,
,$2.86/100g $28.64/1kg,1
,$2.86/100g $28.63/1kg,1
,$2.69 ,1
,$2.49/1lb,1
,$2.48 ,1
,$2.40/1kg $1.09/1lb,1
,$2.39 ,1
,$2.20/1kg $1.00/1lb,1
,$2.19 ,1
,$199.99 ,1
,$19.81/1kg $8.99/1lb,1
,$19.16/1kg $8.69/1lb,1
,$18.98 ,1
,$18.88 ,1
,$18.71/1kg $8.49/1lb,1
,"$17.99
EA",1
,,
,$17.84/1kg $8.09/1lb,1
,$17.69/1kg $8.03/1lb,1
,$17.64/1kg $8.00/1lb,1
,$17.31/1kg $7.85/1lb,1
,$16.99 ,1
,$159.99 ,1
,$15.92/1kg $7.22/1lb,1
,$14.53/1kg $6.59/1lb,1
,$14.20/1kg $6.44/1lb,1
,$14.09/1kg $6.39/1lb,1
,$139.99 ,1
,$13.65/1kg $6.19/1lb,1
,$12.77/1kg $5.79/1lb,1
,$12.76/1kg $5.79/1lb,1
,$12.49 ,1
,$12.43/1kg $5.64/1lb,1
,$12.00/1kg $5.44/1lb,1
,$11.88/1kg $5.39/1lb,1
,$11.66/1kg,1
,$11.40/1kg $5.17/1lb,1
,$11.02/1kg,1
,$103.60/1kg $47.01/1lb,1
,$10.78/1kg $4.89/1lb,1
,$1.99/100g,1
,$1.98/100g $19.84/1kg,1
,$1.98/100g $19.82/1kg,1
,$1.96/1kg $0.89/1lb,1
,$1.87/100g $18.74/1kg,1
,$1.76/100g $17.64/1kg,1
,$1.74/1kg $0.79/1lb,1
,$1.70/100g,1
,$1.69/1lb,1
,$1.49/100g $6.76/1lb,1
,$1.49/100g,1
,$1.48 ,1
,$1.32/100g $5.99/1lb,1
,$1.32/100g,1
,$1.29/1kg $0.59/1lb,1
,$1.29/100g,1
,$1.28 ,1
,$0.99/100g $9.90/1kg,1
,$0.77/100g $7.69/1kg,1
,$0.66/100g $6.61/1kg,1
,$0.59/1lb,1
,$0.55/100g $5.49/1kg,1
,$0.54/100g $5.38/1kg,1
,$0.33/100g $3.28/1kg,1
,808g,1
,LB,1
,BX,1
,"                                                                                                                $34.99
EA
",1
,,
,"                                                                                                                $32.99
EA
",1
,,
,"                                                                                                                $3.49
EA
",1
,,
,"                                                                                                                $17.99
EA
",1
,,
'Earth's Own',non-dairy,1
-,1 Pound,2
-,Bulk100g,1
-,630g,1
.,,2
"1
5 out of 5 stars. 1 reviews",Olive Sourdough Bread,1
,,
"11
3 out of 5 stars. 11 reviews",255g,1
,,
1642,4x275.0ml,5
1642,4x275ml,3
1850,340g,2
1936 TORREFACTO,1936 Torrefacto Cinnamon & Spices Instant Coffee 8 oz - Smooth Taste - 100% Pure Arabica Coffee - Light Instant Coffee Medium Roast - Glazed with Cane Sugar Gluten Free Kosher Certified Non GMO,1
"3
1.6667 out of 5 stars. 3 reviews",255g,1
,,
3 Crown,30g,2
3 Crown,35g,1
3 Crown,20g,1
3-Crown,30g,2
3-Crown,35g,1
3-Crown,20g,1
3.15PM,3.15PM Taro Milk Tea with Boba,1
3.15PM,3.15PM Roasted Milk Tea with Boba,1
3.15PM,3.15PM Brown Sugar Tea with Boba,1
322449,RKSB HMSTY ORG,1
322449,RKSB HMSTY CHOC,1
324825,J&J Vcut BBQ,1
325475,Club Orange,1
325945,ASHOKA COCONUT SHRED,1
34 Degrees,127g,7
34 Degrees,85g,4
"4
2.25 out of 5 stars. 4 reviews",255g,1
,,
44th Street,595g,2
44th Street,575g,2
44th Street,650g,1
44th Street,550g,1
458,,1
49th Parallel,6 Each,3
49th Parallel,340g,3
49th Parallel,Raspberrybubly355 Millilitre,2
49th Parallel,12 Each,2
49th Parallel,250 Millilitre,1
4C,425g,4
4C,340g,2
4C,227g,2
4C Foods,Perfect for any recipe.,1
4C Foods,425g,1
4C Foods,227g,1
4th & Heart,Certified Paleo 9 Ounce,1
"5
2.8 out of 5 stars. 5 reviews",255g,1
,,
5 Gum,15 Sticks,9
5 Gum,35 Sticks,2
5 Gum,700g,1
5 Gum,60 Each,1
5 Gum,50g,1
5 Gum,15 Sticks3 Each,1
5 Gum,12 Each,1
5 Gum,100g,1
5 Hr Energy,4x59.0ml,2
5-Hour Energy,10x57ml,4
5-Hour Energy,6x57ml,1
5-Hour Energy,5HR Watermelon ES 6PK,1
5-Hour Energy,5HR Hawaiian Breeze ES 6PK,1
555,555 Sardines in Tomato Sauce,1
555,555 Sardines in Tomato Chili Sauce,1
555,4.54kg,1
555,155g,1
"6
2.6667 out of 5 stars. 6 reviews",255g,1
,,
"7
2.4286 out of 5 stars. 7 reviews",255g,1
,,
7 Days,1kg,8
7 Days,185g,3
7 Days,850g,2
7 Days,500g,2
7 Days,360g,1
7 Seas,,2
7 Seas,908g,1
7 Up,2?l,2
7 Up,12x355ml,2
7 Up,8x355ml - bottle,1
7 Up,6x710ml,1
7 Up,6x222ml - cans,1
7 Up,6x222ml,1
7 Up,591ml,1
7 Up,355ml - can,1
7 Up,355ml,1
7 Up,15x355ml,1
7 Up,15x222ml,1
777,4.54kg,1
7D,140g,2
7UP,6x710ml,4
7UP,591ml,4
7UP,12x355ml,4
7UP,6x222ml,3
7UP,6 Each,2
7UP,2?l,2
7UP,2l,2
7UP,12 Each,2
7UP,Raspberrybubly355 Millilitre,1
7UP,8x355ml - bottle,1
7UP,8x355ml,1
7UP,8 Each,1
7UP,591 Millilitre,1
7UP,355ml12 Ounce,1
7UP,355ml,1
7UP,24 Each,1
7UP,1?l,1
7UP,1l,1
7UP,15x355ml,1
7UP,15 x 222ml,1
7UP,1 Litre,1
7UP,1 Each,1
7Up,12x355.0ml,6
7Up,6x222.0ml,4
7Up,2l,4
7Up,591ml,2
7Up,8x355.0ml,1
7Up,6x710.0ml,1
7Up,24x355.0ml,1
7Up,1l,1
7Up,15x222.0ml,1
"8
2.75 out of 5 stars. 8 reviews",255g,1
,,
8&8,180G,4
8&8,450G,1
817 Elephant,4kg,4
817 Elephant,1.81kg,2
"9
2.8889 out of 5 stars. 9 reviews",255g,1
,,
A L'Olivier,750ml,1
A Spice Affair,100g,5
A Spice Affair,75g,1
A Spice Affair,60g,1
A Spice Affair,40g,1
A Spice Affair,110g,1
A Taste of Thai,163g,2
A Taste of Thai,450g,1
A Taste of Thai,398ml,1
A Taste of Thai,255g,1
A Taste of Thai,207ml,1
A Taste of Thai,200ml,1
A Taste of Thai,148g,1
A Taste of Thai,100g,1
A Vogel,50ml,5
A Vogel,30ea,3
A Vogel,20ml,2
A Vogel,90ea,1
A Vogel,60ea,1
A Vogel,30ml,1
A Vogel,28g,1
A Vogel,120ea,1
A Vogel,100ml,1
A&A Manufacturing,1-3box Googeer Body Sculpting Tea,1
A&B Famous,390g,2
A&B Famous,Tilapia KPY,1
A&B Famous,Premium Breaded Fish Sticks,1
A&B Famous,Premium Breaded Fish Nuggets,1
A&B Famous,Premium Breaded Fish 2oz Portions,1
A&B Famous,Breaded Fish Sticks Minced,1
A&B Famous,A&B Famous Breaded Fish Sticks Minced 397g,1
A&B Famous,565g,1
A&B Famous,400g,1
A&B Famous,397g,1
A&W,2?l,4
A&W,2l,4
A&W,12x355ml,4
A&W,12x355.0ml,4
A&W,6x222ml,2
A&W,500ml,2
A&W,500 Millilitre,2
A&W,4x341ml,2
A&W,355ml,2
A&W,2 Litre,2
A&W,12 x 355ml,2
A&W,12 Each,2
A&W,A&W Root Beer 2l,1
A&W,6x222.0ml,1
A&W,6 Each,1
A&W,4x341.0ml,1
A&W,4 x 341ml,1
A&W,4 Each,1
A&W,341ml,1
A&W,2L Bottle,1
A-1,400ml,1
A.Vogel,250g,1
A1,400ml,3
A1,400 Millilitre,1
A2,2 Litre,2
A2 Milk,2l,3
AA-1,Sardines Tomato Sauce Chili,1
AA-1,155g,1
AA1,155g,1
AAOMASSR,AAOMASSR Boba Cup With Straw Smoothie Drinks Gradient Multicolor 23.5oz Double Layer With Cleaning Brush,1
ABC,600ml,2
ABC,600 Millilitre,1
ABC,350g,1
ABC Crafted Series,Essence Rye Whisky - 50ml | 1.69 oz (3/Pack),1
ABC Crafted Series,Essence Cherry Brandy Liqueur - 50ml | 1.69 oz (3/Pack),1
ABC Crafted Series,Essence American Bourbon - 50ml | 1.69 oz (3/Pack),1
ABOVE,355 Millilitre,1
ABPWLY,random color Clearance Up to 40% off up to 90% off Rollback Big Savings,1
ABPWLY,Powder Spreading Bot Clearance up to 70% off Weekly Flyer Deals Winter Savings,1
ABPWLY,Powder Spreading Bot Clearance Flyer Deals Weekly Flyer Deals Black&Friday Deals,1
ABPWLY,ABPWLY Ice Cream With Lid Popsicle Summer Ice Cream Clearance Big Savings Winter Savings Deals Fall Savings Black&Friday Deals,1
ABPWLY,ABPWLY Christmas Advent Calendar Santa Claus Advent Calendar With 24 Days Pocket Christmas Countdown Hanging Ornaments For Home Office Door Wall Decoration Saving Clearance Canada Day Christmas Gifts,1
ABPWLY,ABPWLY 4 Popsicle Diy Ice Cream Ice Cream Clearance Hottest Deals Winter Savings Deals up to 70% off Clearance,1
ABPWLY,ABPWLY 10 Popsicle Diy Ice Cream Ice Cream Clearance Clearance Winter Savings Deals Cyber&Monday Deals Clearance,1
ABPWLY,0.5g Each Time Clearance up to 70% off Cyber&Monday Deals Big Savings up to 70% off,1
ABSOLUTELY GLUTEN FREE,"trips or any time you need a healthy snack
easy to digest and irresistable you can snack away on these gluten free flatbreads on their own",1
,,
ABSOLUTELY GLUTEN FREE,or rice. They are kosher for passover and gluten free.,1
ABSOLUTELY GLUTEN FREE,FLATBREADS ONION,1
ABSOLUTELY GLUTEN FREE,E-ABSOLUTELY FLATBREADS ONION,1
ABSOLUTELY GLUTEN FREE,CRACKERS PEPPER,1
ACE,700g,6
ACE,595g,4
ACE,454g,4
ACE,296g,4
ACE,525g,3
ACE,400g,3
ACE,840g,2
ACE,800g,2
ACE,640g,2
ACE,600g,2
ACE,510g,2
ACE,485g,2
ACE,455g,2
ACE,380g,2
ACE,350g,2
ACE,340g,2
ACE,325g,2
ACE,265g,2
ACE,225g,2
ACE,200g,2
ACE,560g,1
ACE,484g,1
ACE,480g,1
ACE,463g,1
ACE,450g,1
ACE,425g,1
ACE,420g,1
ACE,410g,1
ACE,390g,1
ACE,320g,1
ACE,300g,1
ACE,280g,1
ACE,275g,1
ACE,210g,1
ACT II,Mini Cheddar Cheese Nibs Snak Paks6 Each,3
ACT II,Original Party Size637g,2
ACT II,14 Each,2
ACT II,594g,1
ACT II,145g,1
ADL,Perfection Skim Milk 4l,1
ADL,Perfection Milk 2% 4l,1
ADL,Perfection 2% Choc Milk 1l,1
ADL,Lactose Free 3.25% Homo,1
ADL,Lactose Free 2%,1
ADL,Lactose Free 1%,1
ADL,Fat Free,1
ADL,ADl Whp Crm Crtn 1l,1
ADL,ADl Skim Milk Poly Bag 3l,1
ADL,ADl Skim Milk Carton 2l,1
ADL,ADl Skim Milk Carton 1l,1
ADL,ADl Homogenized Milk Carton 1l,1
ADL,ADl 2% Milk Poly Bag 3l,1
ADL,ADl 2% Milk Plastic 473ml,1
ADL,ADl 2% Milk Carton 2l,1
ADL,ADl 2% Milk Carton 1l,1
ADL,ADl 2% Choc Milk Carton 1l,1
ADL,ADl 18% Cream 473ml,1
ADL,ADl 1% Milk Poly Bag 3l,1
ADL,ADl 1% Milk Carton 2l,1
ADL,ADl 1% Milk Carton 1l,1
ADL,ADL Homogenized Milk 2L Carton,1
AERO Race Wheels,E-AERO AERO TIRAMISU,1
AERO Race Wheels,E-AERO AERO SAlTED CARAMEl,1
AERO Race Wheels,515g,1
AERO Race Wheels,182g,1
AGGA Coffee,Lungo Capsules 10 count,1
AGGA Coffee,Intenso Capsules 10 count,1
AGIFERG,Agiferg Easter Lovely Rabbit Tea Bag Hanging Fixed Tea Bag Fixed Tea Bag Tea Cup Wall Decoration Rabbit Differentiator,1
AHA,12x355.0ml,12
AHA,12x355ml,4
AHA,12 x 355ml,4
AHA,12 Each,3
AHA,355ml,2
AHA,Pineapple + Passionfruit12 Each,1
AHA,Lime Watermelon12 Each,1
AHA,500ml,1
AHA,355 Millilitre,1
AIONY,Piezas de bloques de construcci¨®n de juguetes para cocina Mini comida Pizza patatas fritas pastel postre galletas de Chocolate ladrillo de ensamblaje MOC,1
AKIS,250ml,1
AL PREMIUM,48oz (3lb) 1.36kg,1
AL RIFAI,450g,2
AL RIFAI,300g,2
AL RIFAI,250g,2
ALFA,1kg,8
ALFA,850g,2
ALFA,450g,2
ALMA,Wafer Belgian Lemon,1
ALMA,Wafer Belgian Chocolate,1
AMIR,AMIR - SHISH TAOUK SEASONING - 160G,1
AMIR,AMIR - POTATO SEASONING - 120G,1
AMIR,AMIR - KAFTA SEASONING - 100G,1
AMIR,AMIR - GARlIC SAUCE - 350ml,1
AMIR,AMIR - FALAFEL MIX - 300G,1
AMYS ORGANIC,AMYS ORGANIC COUNTRY CHEDDAR BOWl,1
ANGIE¡¯S BOOMCHICKAPOP,Non GMO baked corn snack puffed in Canada.,1
ANS Performance,ANS PERFORMANCE Keto Pancake Mix (Blueberry - 283 gr),1
ANSperformance,KetoWOW Bars,1
AP Gourmet,160?g,2
AP Gourmet,160g,1
AQUAFINA,591ml,5
AQUAFINA,24x500.0ml,2
ARTO LIFE WTR,700ml,1
ARTO LIFE WTR,1l,1
ARTO LIFEWTR,700ml,1
ARZ,200g,1
ASIAN FAMILY,250g,2
ASIAN FAMILY,65g,1
ASIAN FAMILY,425g,1
ASIAN FAMILY,280 Millilitre,1
ASIAN FAMILY,25g,1
ATA,500g,2
ATA,200g,1
ATYPIQUE,Atypique Mojito 4pk,2
ATYPIQUE,Mocktails 4 pack of 355ml,1
ATYPIQUE,Atypique Gin & Tonic 4 pack of 355ml,1
AWESOME NOW & LATER,Stonemill Organic Baguette Royale,1
AYLMER TOMATOES,796ml,3
AYLMER TOMATOES,769ml,1
Aa-1,425g,3
Aa-1,155g,2
Aaron's,450g,4
Aaron's,750g,1
Aaron's,375g,1
Aaron's,250g,1
Aashirvaad,9.07kg,2
Aashirvaad,Whole Wheat Flour,1
Aashirvaad,4.55kg,1
Abbaye de Saint-Beno?t-du-Lac,1 piece,3
Abbracc,Abbracc Mini Espresso Making Machine Manual Coffee Maker Travel Gadgets Black,1
Abbracc,Abbracc Coffee Cup 200ml Ceramic Coffee Cup Coffee Roasters Espresso Shot Coffee Cup inner white,1
Abbracc,Abbracc 2-3 of pack Candy Cane Kids Belly Dance Stick Hanging Decor 3 Pcs,1
Abbracc,Abbracc 10ml DIY Colorants Pigments 10ml yellow 10ml lemon yellow,1
Abbracc,Abbracc 10ml DIY Colorants Pigments 10ml pink,1
Abbracc,Abbracc 10ml DIY Colorants Pigments 10ml brown,1
Abbracc,Abbracc 10ml DIY Colorants Pigments 10ml black,1
Abbracc,Abbracc 10ml DIY Colorants Pigments 10ml 10ml rose red,1
Abbracc,68mm Ay Tsao,1
Abe's,1.65l,3
Abe's,Abe's Parvelicious Cookie & Cream 1.65l,2
Abe's,Squeezi Real Fruit Strawberry 4pk,1
Abe's,Squeezi Real Fruit Pomberry 4pk,1
Abe's,Sorbetto Premium Strawberry (341) KPY,1
Abe's,Sorbetto Premium Berry Vanilla (344) KPY,1
Abe's,Sorbetto,1
Abe's,Fruite Pomberry 6pk,1
Abe's,D Ice Cream Cookie Cream,1
Abe's,Abe's Sorbetto Premium Berry Vanilla (344) KPY 1.5lt,1
Abe's,Abe's D Ice Cream Cookie Cream 1.65l,1
Aberdonian,200g,1
Aberdonian,170g,1
Abes,1.65l,8
Abes,2l,1
Abigails Kitchen,400g,1
Abigails Kitchen,300g,1
Abokichi,284 Millilitre,2
Abokichi,140g,2
Above,4x355.0ml,1
Absolute,150g,3
Absolute,125g,3
Absolutely,125g,3
Absolutely,150g,2
Abuelita,540g,1
Accent Spice,128g,1
Ace Bakery,296 g total,4
Ace Bakery,840 g total,1
Ace Bakery,800 g total,1
Ace Bakery,640 g total,1
Ace Bakery,400g,1
Ace Bakery,265g,1
Achava,450g,1
Achva,450g,12
Achva,400g,7
Achva,500g,6
Achva,300g,3
Achva,50g,2
Achva,454g,2
Achva,275g,2
Achva,216g,2
Achva,200g,2
Achva,150g,2
Achva,ensuring every bite is as delicious as the first. Mad,1
Achva,Tahini,1
Achva,Halva Vanilla Bar,1
Achva,Halva Vanilla 454g,1
Achva,Halva Sugarless Marble,1
Achva,Halva Pistachio 450g,1
Achva,Cake Honey 100g,1
Achva,397g,1
Achva,250g,1
Achva,12un,1
Achva,126g,1
Achva,11ea,1
Achva,100g,1
Acid League,375ml,2
Acropolis,315ml,2
Acropolis,200ml,1
Acropolis,190g,1
Acropolis Organics,315ml,2
Acropolis Organics,720ml,1
Acropolis Organics,500ml,1
Acropolis Organics,250ml,1
Acropolis Organics,1l,1
Acropolis Organics,190g,1
Act II,1092g,3
Act II,3 x 78g,2
Act II,1.09kg,2
Action,1l,3
Activia,650g,67
Activia,12x100.0g,20
Activia,12 x 100g,19
Activia,8x100.0g,11
Activia,190ml,11
Activia,8x93.0ml,8
Activia,650g Yogurt Tub,8
Activia,8x100g,7
Activia,8 x 100g,7
Activia,100g,7
Activia,625g,6
Activia,12x100g,6
Activia,8x93ml,5
Activia,1140g,5
Activia,8 Each,3
Activia,2kg,3
Activia,190 Millilitre,3
Activia,12 x 95g,3
Activia,12 Each,3
Activia,8x93ml Drinkable Yogurt,2
Activia,744ml,2
Activia,300g,2
Activia,24 x 100g,2
Activia,2 x 150g,2
Activia,190ml Yogurt Drink,2
Activia,12x95g,2
Activia,Yogurt,1
Activia,Vanilla Flavour625g,1
Activia,Strawberry Banana8 Each,1
Activia,Plain625g,1
Activia,Fieldberry650g,1
Activia,Drinkable Yogurt 190ml,1
Activia,93 Millilitre,1
Activia,8x93ml Yogurt Drink,1
Activia,650g probiotic yogurt,1
Activia,4 Each,1
Activia,2x150g,1
Activia,24x100.0g,1
Activia,24 Each,1
Activia,12 x 100g yogurt cups,1
Adams,500g,18
Adams,1kg,6
Adams,Original148 Millilitre,2
Adams,354 Millilitre,2
Adams,335g,2
Adams,325 Millilitre,2
Adams,680 Millilitre,1
Adams,225 Millilitre,1
Adonis,540g,3
Adonis,,3
Adonis,400g,2
Adonis,225g,2
Adonis,250g,1
Aelo,355 Millilitre,3
Aelo,4 Each,2
Aero,105g,7
Aero,98g,3
Aero,95g,2
Aero,63 GR,1
Aero,450ml,1
Aero,42 grams,1
After Eight,90g,1
After Eight,150g,1
After Eight,100% sustainably sourced cocoa.,1
Agga,16un,1
Agga Coffee,10un,6
Agga Coffee,340g,1
Agropur,1 piece,2
Agropur,200g,1
Agropur Grand Cheddar,200g,1
Agropur Signature,170g,8
Agropur Signature,1 piece,7
Agropur Signature,200g,6
Agropur Signature,180g,2
Agropur Signature,300g,1
Ahi Tuna,250g,1
Ahmad,200g,5
Ahmad,40g,4
Ahmad,454g,2
Ahmad Tea,"24 x 200g
100 bags",2
,,
Ahmad Tea,20un,2
Ahmad Tea,100un,2
Aidan's,320g,1
Aihome,AIHOME Soup Toys Creative Bird of Action Novelty Drinking Birds Drinking Water Birds,1
Air Heads,60 Each,2
Air Heads,170g,2
Air Heads,White Mystery15.6g,1
Air Heads,Watermelon15.6g,1
Air Heads,Cherry15.6g,1
Air Heads,Bulk100g,1
Air Heads,Blue Raspberry15.6g,1
Air Heads,700g,1
Air Heads,18 Pieces3 Each,1
Air Heads,12 Each,1
Airheads,140g,1
Aiya,10un,3
Aiya,30g,1
Aji,70 Millilitre,2
Aji,225 Millilitre,2
Aji,65g,1
Aji,25g,1
Aji,20g,1
Aji,110g,1
Ajinomoto,65g,1
Aki Sushi,240ml,8
Aki Sushi,600g,4
Aki Sushi,150g,4
Aki Sushi,700g,3
Aki Sushi,690g,3
Aki Sushi,352g,3
Aki Sushi,30ml,3
Aki Sushi,320g,2
Aki Sushi,43g,1
Aki Sushi,430g,1
Aki Sushi,400g,1
Aki Sushi,370g,1
Aki Sushi,360g,1
Aki Sushi,354g,1
Aki Sushi,347g,1
Aki Sushi,2x347g,1
Aki Sushi,27g,1
Aki Sushi,100g,1
Aki Sushi,1 pieces,1
Aki Sushi Bar,30ml,2
Akmoler,Plastic Akmoler,4
Akmoler,Silica gel Akmoler,2
Akmoler,"Flash Sale, Modern Ice Cube Tray, Ice Cream Molds Home Make Popsicle Popsicle Diy Ice Cream Frozens Ice Block Box Ice Cream Ice Box Homemade Ice Box Popsicle, Ice Mold,",1
Akmoler,"Customer Favorite, Classic Ice Cube Tray, Ice Cream Molds Home Make Popsicle Popsicle Diy Ice Cream Frozens Ice Block Box Ice Cream Ice Box Homemade Ice Box Popsicle, Ice Cube Tray,",1
Al Dayaa,1l,4
Al Dayaa,300ml,3
Al Dayaa,3l,2
Al Dayaa,800g,1
Al Dayaa,400g,1
Al Dayaa,1000g,1
Al Fez,200g,1
Al Rifai,450g,6
Al Rifai,300g,3
Al Rifai,200g,3
Al Rifai,12x275.0g,1
Al Safa,345g,4
Al Safa,510g,2
Al Safa,400g,2
Al Safa Halal,800g,5
Al Safa Halal,600g,3
Al Safa Halal,540g,2
Al Safa Halal,510g,2
Al Safa Halal,454g,2
Al Safa Halal,345g,2
Al Safa Halal,Popcorn Chk,1
Al Safa Halal,Made with Chicken Breast Meat,1
Al Safa Halal,Chicken Tenderz,1
Al Safa Halal,Chicken Seekh Kebab,1
Al Safa Halal,Beef Kebab,1
Al Safa Halal,Al Safa Halal Uncooked Beef Burgers,1
Al Safa Halal,680g,1
Al Safa Halal,500g,1
Al Safa Halal,450g,1
Al Safa Halal,400g,1
Al Shifa,500g,5
Al Shifa,250g,1
Al-Amira,250g,1
Al-Marwa,907g,1
Al-Rabih,454g,2
Alani,355ml,4
Alani Nu,355ml,1
Alaskan Snow Legs,5-6un,1
Alaskan Snow Legs,240g,1
Alba Botanica,355ml,8
Alba Botanica,227g,2
Alba Botanica,85g,1
Alba Botanica,177ml,1
Albanese,212g,1
Albanese,198g,1
Albert's Leap,500g,1
Albert's Leap,200g,1
Albert's Leap,1 piece,1
Alcan,Alcan Heavy Duty Foil 60 Ft.,1
Alcan,Alcan Heavy Duty Foil 60 Ft,1
Alcan,36 Cups,1
Alessi,227g,2
Alexis De PORTNEUF,100g,3
Alexis De PORTNEUF,300g,2
Alexis De PORTNEUF,500g,1
Alexis De PORTNEUF,180g,1
Alexis Portneuf,125g,7
Alexis Portneuf,300g,4
Alexis Portneuf,375g,1
Alexis Portneuf,200g,1
Alexis Portneuf,170g,1
Alexis de PORTNEUF,100g,3
Alexis de PORTNEUF,300g,2
Alexis de PORTNEUF,500g,1
Alexis de Portneuf,125g,10
Alexis de Portneuf,1 piece,8
Alexis de Portneuf,300g,3
Alexis de Portneuf,150g,3
Alexis de Portneuf,200g,2
Alexis de Portneuf,170g,2
Alexis de Portneuf,160g,2
Alexis de Portneuf,100g,1
Alexis de Portneuf,,1
Alfa,800g,5
Alfa,850g,1
Alfa,500g,1
Algoma,2l,1
Algoma Orchards,3l,1
Aliments,1.35kg,1
Aliments 2000,1kg,2
Aliments 2000,900g,1
Aliments Pasta-Mer,275g,1
Aliments Racine,250g,2
Alkanater,908g,1
All Seas,100g,2
All Stars,680g,2
All-Bran,560g,1
All-Bran,500g,1
Allan,150g,1
Allen's,1.89l,13
Allen's,8x200.0ml,12
Allen's,1l,12
Allen's,8x200ml,6
Allen's,24x200.0ml,5
Allen's,4l,4
Allen's,500ml,3
Allen's,1?l,3
Allen's,500 Millilitre,2
Allen's,4 Litre,2
Allen's,Non Pasteurized1 Litre,1
Allen's,2.5l,1
Allen's,2.5 Litre,1
Allen's,1 Litre,1
Allens Popeye,187g,1
Allergy Smart,140g,16
Allessia,150g,6
Allessia,796ml,3
Allessia,454g,3
Allessia,100g,3
Allessia,314ml,2
Allessia,80g,1
Allessia,275ml,1
Allessia,180g,1
Allisons,34g,1
All¨¦gro,270g,3
Alma,200g,2
Alma,250g,1
Almencla,6x Camping Spice Jars Clear for Sauce Seasoning Salts with Bag Spice Bottles Black,1
Almond Breeze,Almond Breeze Vanilla,1
Almond Breeze,Almond Breeze Unsweetened Vanilla,1
Almond Breeze,Almond Breeze Unsweetened Original,1
Almond Breeze,Almond Breeze Original,1
Almond Dream,946ml,1
Almonds,100g,5
Almonds,Bulk100g,3
Almonds,Sliced100g,2
Almonds,One Love1 Each,2
Almonds,540 Millilitre,2
Almonds,137g,2
Almonds,Simmer Down Decaf1 Each,1
Almonds,Original Flavour145g,1
Almonds,Mini Cheddar Cheese Nibs Snak Paks6 Each,1
Almonds,Milk Chocolate Mousse87g,1
Almonds,Get UpStand1 Each,1
Almonds,Cayman Coconut1 Each,1
Almonds,Buffalo Soldier1 Each,1
Almonds,629g,1
Almonds,328g,1
Almondy,roasted almond cake 400 g - 8 servings,1
Almondy,420g,1
Alokozay,50g,2
Alokozay,250ml,2
Alokozay,420g,1
Alokozay,200g,1
Alpen,650g,5
Alpen,Honey Favour405g,1
Alpen,460g,1
Alpen,430g,1
Alpen,1.2kg,1
Alpha,156g,3
Alpha,142g,3
Alpha Wolf Coffee,454g,3
Alphonso,1.75l,8
Alpina,1l,2
Alpina,163g,2
Alpina,"Dulce de leche ""arequipe"" 6x50g",1
Alpina,500g,1
Alpina,300g,1
Alpina,250g,1
Alpina,200ml,1
Alpina,164g,1
Alpino,147ml,2
Alprose,100g,13
Alprose,150g,2
Alprose,Choc Bar White KPY,1
Alprose,Choc Bar Two Tone KPY,1
Alprose,Choc Bar Milk w/ Whole Almonds KPY,1
Alprose,Choc Bar Deluxe White w/ Hazelnut KPY,1
Alprose,99g,1
Alprose,300g,1
Alsons,Sarangani FFD (325-486g),1
Alter Eco,Salted Caramel84g,1
Alter Eco,ORG CHOC - DARK BLACKOUT - 85%,1
Alter Eco,E-UNFI ALTR ECO SLT CRml TR,1
Alter Eco,E-UNFI ALTR ECO MNT CRM TRF,1
Alter Eco,Dark Chocolate,1
Alter Eco,Dark Caramel Chocolate,1
Alter Eco,80g,1
Alter Eco,75g,1
Althetic Brew,6 Each,1
Altius Spice House,Volume/Quantity-660g,1
Altius Spice House,Volume/Quantity-520g,1
Altius Spice House,30g,1
Altius Spice House,24g,1
Altoids,50g,1
Altra,AlTRA CUBES CHOPPED BASIl,2
Altra,ALTRA PIZZA BAGEL 6 PACK,2
Altra,ALTRA PAR NEAPOLITAN,2
Altra,ALTRA PAR COFFEE ROYALE,2
Altra,ALTRA PANCAKES SW POTATO,2
Altra,ALTRA PANCAKES POTATO,2
Altra,ALTRA FRENCH BAGUETTES,2
Altra,ALTRA EGG ROLL WRAPS,2
Altra,ALTRA CUBES CRUSHED GARLIC,2
Altra,ALTRA COFFEE CREAMER PARVE,2
Altra,GEFILTE FISH GF,1
Altra,AlTRA PAR VANIllA CARAMEl,1
Altra,ALTRA PANCAKES ZUCCHINI,1
Altra,ALTRA PANCAKES VEGETABLE,1
Altra,ALTRA MALAWACH,1
Altra,ALTRA FRENCH FRIES CRISPY,1
Altra,ALTRA CUBES SAUTEED ONION,1
Altra,ALTRA CUBES CHPD PARSLEY,1
Altra Food,250ml,1
Amano,250 Millilitre,2
Ambrosia,400g,3
American Crafts,Treat Bx Lg,1
American Licorice Co,71g,1
American Licorice Co,18 Pieces3 Each,1
Amino Balls,40g,2
Amino Snacks,40g,2
Amira,454g,6
Amira,1l,4
Amira,400g,3
Amira,250g,3
Amira,200g,3
Amira,300g,2
Amira,175g,2
Amira,907g,1
Amira,450g,1
Amira,275g,1
Amira,1kg,1
Amira,150g,1
Amleso,AmlESO Coffee Cup 200ml Ceramic Coffee Cup Coffee Roasters Espresso Shot Coffee Cup inner white,1
Amleso,AmlESO 50Pcs Coffee Filter Paper Basket Filters Paper for Coffee Machine S S,1
Amleso,AmlESO 2-3 of pack Candy Cane Kids Belly Dance Stick Hanging Decor 3 Pcs,1
Amleso,AmlESO 100 Pcs Round Coffee Papere Professional Replacement Coffee Strainer Cone 58mm,1
Amnon,567g,1
Amnon,454g,1
Amnon,340g,1
Amnons,908g,1
Amnons,450g,1
Amnons,340g,1
Amooza,228g,10
Amora,390ml,1
Amoroso's,Amoroso's 22 oz. Sliced Semolina Pane Italiano - 12/Case,1
Amstelvelder,150g,9
Amstelvelder,125g,3
Amsterdam,473ml,1
Amul,200ml,9
Amul,1l,5
Amul,1000g,2
Amul,E-AMUL PROCESSED CHEESE,1
Amul,E-AMUL KOOL KOKO,1
Amul,E-AMUL KOOL CAFE - HAZELNUT,1
Amul,E-AMUL KOOL CAFE - CLASSIC,1
Amul,E-AMUL KOOL CAFE - CINNAMON,1
Amul,E-AMUL DOUBLE CHOCOLATE MS,1
Amul,E-AMUL CARAMELIZED MILK,1
Amul,E-AMUL ALMOND SHAKER,1
Amul,360g,1
Amul,200g,1
Amy's,398ml,14
Amy's,255g,11
Amy's,269g,8
Amy's,398 Millilitre,6
Amy's,170g,6
Amy's,284g,5
Amy's,156g,5
Amy's,241g,4
Amy's,340g,3
Amy's,369g,2
Amy's,234g,2
Amy's,920g,1
Amy's,860g,1
Amy's,765g,1
Amy's,680g,1
Amy's,400g,1
Amy's,333g,1
Amy's,312g,1
Amy's Kitchen,269g,2
Amy's Kitchen,255g,2
Amy's Kitchen,156g,2
Amy's Kitchen,Organics Pad Thai,1
Amy's Kitchen,MAC CHEESE W/CAUl,1
Amy's Kitchen,Gluten Free Rice Mac & Cheese,1
Amy's Kitchen,E-AMYS ORGANIC MAC CHEESE W/CAUl,1
Amy's Kitchen,Broccoli & Cheddar Bake Bowl,1
Amys,398ml,14
Amys,170g,4
Amys,156g,4
Amys,284g,3
Amys,269g,3
Amys,241g,2
Amys,234g,1
Ancestral,1l,2
Anchor Bay,340g,4
Anchor Bay,454g,1
Anchor Bay,363g,1
Anchor's Bay,340g,1
Anchor's Bay,1.36kg,1
Andalos,178ml,3
Andalou Naturals,50ml,12
Andalou Naturals,178ml,9
Andalou Naturals,50g,5
Andalou Naturals,236ml,4
Andalou Naturals,946ml,3
Andalou Naturals,340ml,2
Andalou Naturals,32ml,2
Andalou Naturals,30ml,2
Andalou Naturals,251ml,2
Andalou Naturals,163ml,2
Andalou Naturals,13g,2
Andalou Naturals,85g,1
Andalou Naturals,62ml,1
Andalou Naturals,58ml,1
Anderson,680g,1
Andy Boy,1un,1
Andy Boy,1 bunch,1
Ange Gardien,484g,2
Ange Gardien,600g,1
Ange Gardien,330g,1
Angel,405ml,4
Angel,380g,1
Angel,370ml,1
Angel,24/405ml,1
Angie's,128g,5
Angie's,170g,4
Angie's,136g,4
Angie's,198g,3
Angie's,4 Each,2
Angie's,255g,2
Angie's,Original Flavour145g,1
Angie's BOOMCHICKAPOP,gluten free snack,3
Angie's BOOMCHICKAPOP,gluten free snack made in a peanut free facility,2
Angie's BOOMCHICKAPOP,gluten free snack sized popcorn bag for on the go.,1
Angie's BOOMCHICKAPOP,gluten free snack size popcorn bag for on the go.,1
Angie's BOOMCHICKAPOP,Non GMO and puffed in Canada.,1
Angie`s,128g,1
Angies,Sweet & Salty64g,1
Angies,Sea Salt35g,1
Angies,170g,1
Angies,128g,1
Angie¡¯s BOOMCHICKAPOP?,gluten free single serve multi-pack popcorn bags,1
Angostura,100ml,2
Angostura,100 Millilitre,1
Anise,510g,1
Anita's,800g,1
Anita's,430g,1
Anita's,1.2kg,1
Anita's Organic Mill,5kg,2
Anita's Organic Mill,2.5kg,1
Anita's Organic Mill,1kg,1
Anmol,340g,4
Ann,Pack of 20,1
Anna Bytes,170g,3
Annas,150g,1
Annie's,170g,49
Annie's,213g,18
Annie's,198g,9
Annie's,57g,7
Annie's,130g,5
Annie's,680g,4
Annie's,260g,4
Annie's,226g,4
Annie's,149g,3
Annie's,1.7kg,3
Annie's,156g,2
Annie's,Spaghetti Pasta900g,1
Annie's,S'mores226g,1
Annie's,Marvel Spidey and His Amazing Friends170g,1
Annie's,Manicotti Pasta225g,1
Annie's,Linguine Pasta900g,1
Annie's,Large Shells Pasta700g,1
Annie's,Four Cheese156g,1
Annie's,Fettuccine Pasta900g,1
Annie's,Birthday Cake226g,1
Annie's,Berry Patch198g,1
Annie's,4 Each,1
Annie's,289g,1
Annie's,250g,1
Annie's,10 Each,1
Annie's,198g,1
Annies,289g,1
Annie¡¯s,170g,6
Annie¡¯s,57g,2
Annie¡¯s,156g,1
Annie¡¯s,149g,1
Annie¡¯s,130g,1
Anniversary House,Anniversary House Polka Dot Gingham Muffin and Cupcake Cases (Pack of 75),1
Anti+,500ml,1
Anti+,4x125ml,1
Antico,700ml,3
Antico Mulino,500g,1
Apero,120g,2
Apetina,100g,3
Apetina,600g,1
Apetina,500g,1
Apetina,200g,1
Apetina,175g,1
Apna Taste,850g,2
Apna Taste,660g,1
Apo,375g,6
Apo,100g,5
Apo,454g,4
Apo,250g,3
Apo,80g,2
Apo,340g,2
Apo,200g,2
Apo,90g,1
Apo,500ml,1
Apo,500g,1
Apo,400g,1
Apo,300g,1
Apo,110g,1
Appel,200g,4
Appel,10 x 200g,1
Apple & Eve,8x200.0ml,3
Apple & Eve,8x125ml,3
Apple & Eve,8x125.0ml,2
Apple & Eve,1000ml,1
Apple Jacks,Limited Time Only,1
Apple Valley,620g,2
Applesnax,6x113g,2
Applewood,90g,1
Applewood,150 GR,1
Applewood Signature,this dried chili is also used in the production of popular spice products such as chili powder and chili oil.,1
Applewood Signature,these redskin peanuts perfectly complement a complexity of dishes.,1
Applewood Signature,star anise is a delicious spice that can add a wonderful aroma and flavour to your cooking. Anise seed can be used in whole or ground form to add an aromatic licorice flavour to your favourite recipes.,1
Applewood Signature,compared to ground cinnamon.,1
Applewood Signature,Shiitake Mushroom Crisps,1
Applewood Signature,Okra Crisps,1
Apricots,Bulk100g,1
Apuakthei,Ideal f¨¹r Gym Fitness B¨¹ro Heim,1
Aqestyerly,Cake Candy 1Pc Home Decor,1
Aqua Fuchsia,75g,1
Aqua Fuchsia,50g,1
Aqua Gems,360g,1
Aqua Gems,340g,1
Aqua Star,500g,10
Aqua Star,800g,4
Aqua Star,400g,4
Aqua Star,680g,3
Aqua Star,454g,3
Aqua Star,908g,2
Aqua Star,340gr,2
Aqua Star,340g,2
Aqua Star,908gr,1
Aqua Star,8 Spring Rolls,1
Aqua Star,567g,1
Aqua Star,425g,1
Aqua Star,252g,1
Aqua Star,200g,1
Aqua Star,"- Uncooked
- Boneless
- Skinless",1
,,
AquaStar,340g,1
Aquafina,591ml,5
Aquafina,6x710ml,2
Aquafina,12x500ml,2
Aquafina,6 Each,1
Aquafina,591 Millilitre,1
Aquafina,24x500ml,1
Aquafina,24 Each,1
Aquafina,1l,1
Aquafina,12 Each,1
Aquafina,1 Litre,1
Aquamar Classic,Imitation Crab Flakes,1
Aquamar Classic,340g / 12 pieces,1
Aquamar Classic,1 kg (2 x 500g),1
Aquastar,500g,1
Aquaverti,140g,1
Arahova,250g,2
Arby's,473ml,3
Arby's,437ml,2
Arctic Gardens,675g,6
Arctic Gardens,500g,3
Arctic Gardens,1.75kg,3
Arctic Gardens,425g,2
Arctic Gardens,Roastable Market Harvest Vegetables,1
Arctic Gardens,Marinade for Thai Barbecue Chicken,1
Arctic Gardens,California Style Vegetable,1
Arctic Gardens,Blend of vegetables for Spaghetti - 675g,1
Arctic Gardens,AG Ric Cauli 12/500g,1
Arctic Gardens,750g,1
Arctic Gardens,700g,1
Arctic Gardens,550g,1
Arctic Gardens,50g,1
Arctic Gardens,500?g,1
Arctic Gardens,450g,1
Arctic Gardens,250g,1
Arctic Gardens,113g,1
Arctic Glacier,2.3kg,4
Arctic Glacier,Quality cube Ice,1
Arctic Glacier,4kg,1
Argentina,340g,1
Argopur Signature,190g,1
AriZona,960ml,3
AriZona,8 x 200ml,2
AriZona,Arizona Green Tea,1
AriZona,12x960ml,1
Ariel,600g,3
Ariel,500g,2
Ariel,450g,2
Ariel,Puff Pastry Sheets PY GF,1
Ariel,Cake Marble GF Rectangular KFP,1
Ariel,Cake Crumb Vanilla GF Rectangular KFP,1
Ariel,Cake Chocolate Flavored GF Rectangular KFP,1
Ariel,Cake Chocolate Chips GF Rectangular KFP,1
Ariel,CAKE CRUMB VANILLA,1
Ariel,Bourekas Pizza KPY GF,1
Ariel,Bourekas Cheese KPY GF,1
Ariel,Ariel Puff Pastry Sheets PY GF 450g,1
Ariel,400g,1
Ariel,350g,1
Ariel,250g,1
Ariston,GREEN OLIVES W RED PEPPERS,1
Ariston,GREEN OLIVES W GARLIC,1
Ariston,GREEN OLIVES W ALMOND,1
Ariston,3l,1
Arizona,960ml,10
Arizona,960 Millilitre,4
Arizona,8x200.0ml,3
Arizona,8x200ml,2
Arizona,3.78l,2
Arizona,960 Milligram,1
Arizona,8 Each,1
Arizona,1.54 Litre,1
Arjun,3.63kg,1
Arla,200g,3
Arla,8 un - 168g,2
Arla,100g,1
Arla,$2.99/100g $13.57/1lb,1
Arm & Hammer,500g,8
Arm & Hammer,2kg,3
Arm & Hammer,250g,2
Armstrong,400g,19
Armstrong,600g,11
Armstrong,320g,10
Armstrong,200g,7
Armstrong,500g,6
Armstrong,180g,6
Armstrong,400G,4
Armstrong,1.35kg,4
Armstrong,Shredded500g,3
Armstrong,240g,3
Armstrong,24 Each,3
Armstrong,10 x 21g,3
Armstrong,630g,2
Armstrong,300g,2
Armstrong,210 g (10 Sticks),2
Armstrong,180 g (8 Sticks),2
Armstrong,Original200g,1
Armstrong,Armstrong Light Medium Cheddar Cheese,1
Armstrong,Armstrong Garlic & Herb Cheddar Cheese,1
Armstrong,8 sticks (12 x 180g),1
Armstrong,450g,1
Armstrong,340 g (12 Sticks),1
Armstrong,30 Each,1
Armstrong,283 g (12 Sticks),1
Armstrong,220g,1
Armstrong,210g,1
Armstrong,12 x 28 g Sticks,1
Armstrong,12 x 24 g Sticks,1
Armstrong,12 x 180g,1
Armstrong,1 piece,1
Armstrong Tires,400G,1
Arnott's,200g,3
Arnott's,175g,3
Arnott's,Original200g,1
Arnott's,Classic Dark200g,1
Arnott's,Chewy Caramel175g,1
Arnotts Tim Tam's,200g,3
Arnotts Tim Tam's,175g,1
Arom,200g,1
Aroy D,400ml,4
Aroy D,400g,4
Aroy D,560ml,2
Aroy D,220g,1
Aroy-D,400ml,2
Aroy-D,920g,1
Aroy-D,750ml,1
Aroy-D,400g,1
Aroy-D,400 Millilitre,1
Aroy-D,390ml,1
Aroy-D,350g,1
Aroy-D,1000ml,1
Arrowroot,350g,1
Artisan,4x200.0ml,5
Artisan Vegan Burgers,400g,2
Arto Life,700ml,1
Arto Life,1l,1
Aruna,227g,2
Arva Flour Mill,500g,3
Arvisais Chocolate,Colour Me,1
Arz,400g,1
Arz,100g,1
Arz Fine Foods,1Ltr,3
Arz Fine Foods,907g,1
Arz Fine Foods,1375g,1
Arza,1l,1
Asahi,6x330.0ml,1
Asahi,6 Each,1
Asahi,500ml,1
Ascenta,200ml,4
Ascenta,500ml,2
Aseel,2kg,2
Aseel,Vegetable Ghee,1
Aseel,Clarified butter from Aseel,1
Asha,A-Sha TN Sesame 5 x 95g,1
Asha,A-Sha Mandarin Original 5 x 95g,1
Asha,A-Sha H Chili (Mala) 5 x 95g,1
Ashoka,280gm,7
Ashoka,850g,3
Ashoka,Ashoka Chutney Mint in Glass Jar 700Gx6,1
Ashoka,Ashoka Chutney Date and Tamarind in Glass Jar 900Gx6,1
Ashoka,Ashoka Chutney Coriander in Glass Jar 700Gx6,1
Ashoka,ASHOKA MANCHURIAN BALLS INDO-CHINESE HAKKA,1
Ashoka,ASHOKA FROZEN BHATURA,1
Ashoka,ASHOKA FROZEN ASLI PARATHA15PC FAMILY PACK,1
Ashoka,ASHOKA CHILI PANEER,1
Ashoka,ASHOKA ALOO PARTHA12,1
Ashoka,5 pcs / 426g,1
Ashoka,4pc / 400gm,1
Ashoka,4 pcs / 400gm,1
Ashoka,4 pcs / 340 gm,1
Ashoka,3pcs / 300 gm,1
Ashoka,350g / 5 pcs,1
Ashoka,300gm,1
Ashoka,300 gm,1
Ashoka,280G,1
Ashoka,280 gm,1
Ashoka,200gm,1
Ashoka,200 gm,1
Ashoka,1275 gm / 15 pcs,1
Asia Sauce,375ml,1
Asian,442.5g,1
Asian Delight,550g,4
Asian Delight,500g,3
Asian Family,250g,2
Asian Family,425g,1
Asian Family,280 Millilitre,1
Asian Family,210 Millilitre,1
Asian Home Gourmet,50g,9
Asian Home Gourmet,Curry,1
Asian Home Gourmet,60g,1
Asian Inspirations,400g,9
Asian Style,800g,1
Asif,500g,5
Asif,2kg,2
Asparagus,465g,1
Astro,750g,32
Astro,650g,28
Astro,12x100.0g,9
Astro,625g,5
Astro,12x100g,5
Astro,16x100g,3
Astro,12¡Á100g,2
Astro,12 x 100g,1
Asturi,120g,1
Athletic Brewing,355 Millilitre,2
Athletic Brewing,Single355 Millilitre,1
Athletic Brewing,6 Each,1
Athletic Brewing Company,6x355.0ml,2
Atkins,5x48g,3
Atkins,5x60g,1
Atkins,5x34g,1
Atlantic,454g,1
Atlantic Star,150g,1
Attitude,473ml,4
Attitude,8.5g,3
Attitude,240ml,2
Attitude,72ea,1
Atypique,4x355.0ml,5
Atypique,4x355ml,4
Atypique,355ml,4
Atypique,4 Each,2
Atypique,355 Millilitre,2
Atypiuqe,355 Millilitre,2
Aubrey D,375ml,5
Aubrey D,150ml,3
Aubrey D.,375ml,1
Aufschnitt,56g,5
Aunt Jemima,710ml,1
Aunty's,2x95g,3
Aunty's,190g,2
Aunty's,Sticky Toffee Steamed Puds,1
Aunty's,Golden Syrup Puds,1
Aura Cacia,70.9g,2
Aura Cacia,384ml,2
Aura Cacia,177g,1
Auricchio,1 piece,1
Auricchio,,1
Aurora,250g,12
Aurora,66g,11
Aurora,1kg,11
Aurora,908g,5
Aurora,796ml,5
Aurora,680g,5
Aurora,200g,5
Aurora,1l,5
Aurora,100g,5
Aurora,750ml,4
Aurora,500ml,4
Aurora,398ml,4
Aurora,375ml,4
Aurora,300g,4
Aurora,800g,3
Aurora,660ml,3
Aurora,473ml,3
Aurora,30g,3
Aurora,227g,3
Aurora,85g,2
Aurora,500g,2
Aurora,454g,2
Aurora,284g,2
Aurora,175g,2
Aurora,140g,2
Aurora,900g,1
Aurora,750g,1
Aurora,450g,1
Aurora,425g,1
Aurora,400g,1
Aurora,340ml,1
Aurora,340g,1
Aurora,225ml,1
Aurora,225g,1
Aurora,170ml,1
Aurora GB,450 GR,5
Aurora GB,66g,4
Aurora GB,750g,2
Aurora GB,500ml,2
Aurora GB,300g,2
Aurora GB,250 GR,2
Aurora GB,1kg,2
Aurora GB,Source of Iron and Potassium,1
Aurora GB,Pickled in Oil,1
Aurora GB,Made Easy Lime Juice,1
Aurora GB,MADE EASY-LEMON JUICE SQZ,1
Aurora GB,"Aurora - Palm Pals - 5"" Cordial Cherry",1
Aurora GB,AURORA Peeled Ready to Eat Roasted Chestnuts,1
Aurora GB,910g,1
Aurora GB,750ml,1
Aurora GB,680g,1
Aurora GB,660ml,1
Aurora GB,6 tablets,1
Aurora GB,375ml,1
Aurora GB,340ml,1
Aurora GB,250g,1
Aurora GB,230g,1
Aurora GB,147ml,1
Aurora GB,125g,1
Aurora GB,120g,1
Aurora GB,1 LT,1
Aurora GB,1 KG,1
Australia Darell Lea,200g,3
Authentic Asia,350g,2
Authentic Asia,300g,1
Authentic Asia,258g,1
Authentic Asia,250g,1
Authentica,530 Millilitre,3
"Available for Pickup or Delivery
PickupDelivery",255g,1
,,
Avalon,325ml,8
Avalon,414ml,5
Avalon,500g,1
Avalon,250ml,1
Avalon,250 Millilitre,1
Avent,200g,1
Aviv,400g,1
Avonlea,$5.29/100g $24.00/1lb,1
Awake,96g,2
Awake,108g,2
Awake,165g,1
Awake,150g,1
Awake Chocolate,13.5g,2
Awake Chocolate,108g,2
Aylmer,796ml,14
Aylmer,540ml,13
Aylmer,796 Millilitre,6
Aylmer,284ml,6
Aylmer,540 Millilitre,4
Aylmer,398ml,3
Aylmer,Pack of 88 Each,2
Aylmer,398 Millilitre,2
Aylmer,Aylmer Chick Broth 284ml,1
Aylmer Accents,540ml,3
Aylmer Soup,284ml,4
Aylmer Soup,Tomato soup less sodium,1
Aysen,Frozen227g,1
Aysen,Farmed Frozen680g,1
B NATURAL,1l,2
B'Gan,680g,1
B-Fit,460ml,1
BAHAR Bread,Quantity ¨C 568 grams,1
BAHAR Bread,24ct,1
BAI,530ml,4
BAI CHERRY,530ml,1
BAI COCONUT,414ml,1
BAI POMEGRANATE,530ml,1
BAI WATERMELON,530ml,1
BALADI,BALADI FRESH LABNEH,1
BALADI FRESH,BALADI FRESH AYRAN-MINT,1
BAOHD,Baohd Remove Heavy Metals And Contaminants Water Filter For Cleaner Brew And Floating Debris Coffee Filter light blue,1
BAOHD,Baohd Multifunctional Snack Box Container For Various Uses Snacks Can Be Stored Travel Snack Container rotatable,1
BAOHD,Baohd Household Edible Olive Oil Mist Spray Can For Cooking Enthusiasts Pneumatic Kitchen Plastic Spray Pink 180ml,1
BAOHD,Baohd Flower Pattern Rotating Candy Box Wedding Favor Box Divided Dried Fruit Plate Snacks Sunflower Seed Container,1
BAOHD,Baohd Birthday cake with card balloons,1
BASSILI'S BEST,BASSILI'S BEST SWEET & SOUR CHKN-250G,1
BASSILI'S BEST,BASSILI'S BEST MEATY SPAGHETTI BOLOGNESE-300G,1
BASSILI'S BEST,BASSILI'S BEST MEAT LASAGNA -286G,1
BASSILI'S BEST,BASSILI'S BEST CARBONARA W/BACON-250G,1
BASSILI'S BEST,BASSILI'S BEST - SAUSAGE AND BEEF RIGATONI-300G,1
BASSILIS BEST,BASSILIS BEST MEAT LASAGNA,2
BASSILIS BEST,vegetables and topped with creamy mashed potatoes,1
BASSILIS BEST,BASSILIS BEST MEAT LASAGNA WITH 3 CHEESES,1
BC Coasteal,1 Each,1
BCfresh,4.54 kg/ 10 lb bag,1
BEAVER TAIL,3x140ml Beavertail Sandwich vanilla,1
BEAVER TAIL,3x140ml BeaverTail Sandwich Strawberry Cheesecake,1
BELGIAN MOON,4x473.0ml,1
BELWOODS BREWARY,473ml,1
BEM,10un,1
BENS ORIGINAL,E-BENS ORIGINAL BEN'S 10 TOMATO,1
BENS ORIGINAL,E-BENS ORIGINAL BEN'S 10 SOUTHWEST,1
BENS ORIGINAL,E-BENS ORIGINAL BEN'S 10 CHINESE,1
BENS ORIGINAL,E-BENS ORIGINAL BEN'S 10 CARIBBEAN,1
BETTER BEARS,50g,6
BETTER BEARS,50x50.0g,2
BFIT,460ml,2
BFit,460ml,5
BFree,220g,2
BFree,252 g total,1
BFree,240g,1
BFree,220 g total,1
BFree,168g,1
BFree,168 g total,1
BIG DADDY,BIG DADDY Oatmeal & Raisin Cookies,1
BIG DADDY,BIG DADDY Chocolate Cookies,1
BIG DADDY,BIG DADDY Oatmeal Cookies,1
BIG DADDY,BIG DADDY Double Chocolate Cookies,1
BIG TURK,180g,1
BIRDS,340g,1
BLACK DIAMOND,320g,6
BN,200g,2
BN,400g,1
BN,340g,1
BN,220g,1
BN,180g,1
BN,100g,1
BNI,National Lampoon's Christmas Vacation Advent Calendar Gifts,1
BNI,National Lampoon's Advent Calendar Gifts,1
BODYARMOR,as BODYARMOR.,1
BODYARMOR,BODYARMOR TROPICAL PUNCH,1
BODYARMOR,BODYARMOR STRAWBERRY GRAPE,1
BODYARMOR,BODYARMOR ORANGE MANGO,1
BODYARMOR,BODYARMOR FRUIT PUNCH,1
BODYARMOR,BODYARMOR DRAGONFRUIT BERRY LYTE,1
BODYARMOR,BODYARMOR BA STRAWBERRY BANANA,1
BODYARMOR,BODYARMOR BLUEBERRY POMEGRANATE LYTE,1
BOOST,6 x 237ml,4
BOSTON MARKET_EN,HOT HONEY CHICKEN,1
BOUNTY,E-BOUNTY BOUNTY FS 8CT,1
BRARS,E-BRARS BRARS DAHI 2% 1.8KG,1
BRARS,E-BRARS BRAR'S DAHI3.2% 1.8,1
BRARS,BRARS DAHI 2% 1.8KG,1
BRARS,BRAR'S DAHI3.2% 1.8,1
BRIANNAS,BRIANNAS REAL FRENCH DRESSING,1
BRIANNAS,BRIANNAS POPPY SEED DRESSING,1
BRIANNAS,BRIANNAS CREAMY BALSAMIC DRESS,1
BRIANNAS,BRIANNAS ASIAGO CAESAR DRESSING,1
BRITISH CLASS,Coconut Oil 450 grams,1
BUSH'S?,398ml,3
BUSH'S?,Bush's Original Bkd Bn 398ml,1
BUSH'S?,Bush Molasses with Pork,1
Baba,400g,1
Baby Bok Choy,Bunch750g,1
Babybel,360g,13
Babybel,120g,10
Babybel,240g,9
Babybel,102g,4
Babybel,100g,4
Babybel,6x20g,3
Babybel,12x20g,3
Babybel,6 Each,2
Babybel,2x20.0g,2
Babybel,170g,2
Babybel,Mini Babybel Original Cheese Snacks 12+2P Bonus Pack,1
Babybel,Mini Babybel Gouda Cheese Snacks 6P,1
Babybel,Creamy Laughing Cow and wholegrain breadsticks,1
Babybel,8 Portions 144g,1
Babybel,6 x 20g,1
Babybel,5 Each,1
Babybel,360 g total,1
Babybel,2x20g,1
Babybel,280g,1
Babybel,150g,1
Babybel,140g,1
Babybel,12 Each,1
Bacardi,250ml,3
Bacardi,250 Millilitre,3
Bacata,2.7kg,1
Bach,20ml,3
Bach,50g,1
Bach,10ml,1
Back Ribs,1 Pound,1
Bad Monkey,300g,4
Bad Monkey,80g,2
Bad Monkey,BAD MONKEY ORIGINAl,1
Bad Monkey,BAD MONKEY HEATNEAT LA CAGE BUFFALO,1
Bad Monkey,BAD MONKEY BIG CHEESE,1
Badatz Paskesz,30g,1
Bagel Bites,198g,7
Bagel Bites,882g,3
Bagel Bites,9 Pack,1
Bagel Bites,198?g,1
Bagel Time,6x1.0g,1
Bagelwich,420g,1
Baguio,375g,5
Bai,530ml,8
Bai,530 Millilitre,4
Bai,Kula Watermelon530 Millilitre,1
Bai,503 Millilitre,1
Baijia,Instant Noodle,2
Baijia,Instant Vermicelli,1
Bailey's,630g,1
Bailey's,180g,1
Baileys,400ml,6
Baileys,200g,3
Baileys,485g,2
Baileys,400 Millilitre,2
Baileys,30g,1
Baileys,2x85g,1
Baileys,120g,1
Baileys Irish Cream,400ml - bottle,2
Baileys Irish Cream,400ml,2
Baileys Irish Cream,Baileys dark chocolate lava cake,1
Baileys Irish Cream,Baileys Choc cake,1
Bake Shop,1 Each,30
Bake Shop,6 Each,23
Bake Shop,2 Each,20
Bake Shop,1kg,11
Bake Shop,12 Each,11
Bake Shop,500g,10
Bake Shop,8 Each,8
Bake Shop,4 Each,7
Bake Shop,600g,6
Bake Shop,400g,6
Bake Shop,350g,6
Bake Shop,567g,5
Bake Shop,456g,5
Bake Shop,822g,4
Bake Shop,550g,4
Bake Shop,1.05kg,4
Bake Shop,660g,3
Bake Shop,540g,3
Bake Shop,450g,3
Bake Shop,940g,2
Bake Shop,850g,2
Bake Shop,80g,2
Bake Shop,492g,2
Bake Shop,480g,2
Bake Shop,472g,2
Bake Shop,454g,2
Bake Shop,3 Each,2
Bake Shop,250g,2
Bake Shop,Yellow 6in520g,1
Bake Shop,Sliced567g,1
Bake Shop,Prairie Gold Sunflower450g,1
Bake Shop,Potato Buttermilk450g,1
Bake Shop,Mixed Berry Lemon 4 Pack400g,1
Bake Shop,Halloween6 Each,1
Bake Shop,Glaze 6 Pack480g,1
Bake Shop,Cranberry Sourdough Walnut Loaf500g,1
Bake Shop,Cranberry & White Chocolate350g,1
Bake Shop,Country Farm Butter Loaf454g,1
Bake Shop,Cookie & Cream 8 Inch800g,1
Bake Shop,Banana Chocolate Chunk 4 Pack400g,1
Bake Shop,Assorted6 Each,1
Bake Shop,Apple4 Each,1
Bake Shop,9in1kg,1
Bake Shop,960g,1
Bake Shop,925g,1
Bake Shop,900g,1
Bake Shop,8in625g,1
Bake Shop,760g,1
Bake Shop,75g,1
Bake Shop,710g,1
Bake Shop,700g,1
Bake Shop,6in1 Each,1
Bake Shop,6icn520g,1
Bake Shop,6 Pack6 Each,1
Bake Shop,566g,1
Bake Shop,525g,1
Bake Shop,465g,1
Bake Shop,461g,1
Bake Shop,452g,1
Bake Shop,425g,1
Bake Shop,424g,1
Bake Shop,410g,1
Bake Shop,4 Pack1 Each,1
Bake Shop,35g,1
Bake Shop,336g,1
Bake Shop,325g,1
Bake Shop,320g,1
Bake Shop,300g,1
Bake Shop,280g,1
Bake Shop,279g,1
Bake Shop,225g,1
Bake Shop,220g,1
Bake Shop,213g,1
Bake Shop,200g,1
Bake Shop,192g,1
Bake Shop,160g,1
Bake Shop,16 Each,1
Bake Shop,150g,1
Bake Shop,14 Each,1
Bake Shop,100g,1
Bake Shop,1.5kg,1
Bake Shop,1.53kg,1
Bake Shop,1.14kg,1
Baked In Brooklyn,226.8g,3
Baken-Ets,70g,8
Baken-Ets,70 GM,1
Baker Street,7 in - 650g,1
Baker Street,310g,1
Baker Street,1.2kg,1
Baker's,225g,6
Baker's,170g,6
Baker's Selection,500g,2
Baker's Supply House,100 Millilitre,1
Bakers Oven,425g,1
Bakers Oven,350g,1
Bakers Supply House,210g,2
Bakery Bling,741g,1
Bakery Bling,1 Each,1
Bakery Crafts,1un,14
Bakery Crafts,12un,3
Bakery de France,"Bakery de France 7"" x 3"" Multigrain Ciabatta Panini - 48/Case",1
Bakery2,452g,3
Bakery2,Wheat Baguette,1
Bakery2,Bakery2 Wheat Baguette,1
Bakery2,Bakery2 French Baguette,1
Bakery2,Bakery2 Baguette,1
Bakery2,255g,1
Bakery2,235g,1
Bakestone Brothers,Whole Wheat Small340g,1
Bakestone Brothers,White Small340g,1
Baladi Fresh,Baladi Fresh Yogurt Balkin Style,1
Baladi Fresh,Baladi Fresh Kefir Original,1
Baladi Fresh,Baladi Fresh Kefir Alphonso Mango,1
Balconi,300g,4
Balconi,350g,3
Balconi,280g,1
Balconi,250g,1
Balderson,280g,40
Balderson,250g,21
Balderson,140g,9
Balderson,200g,6
Balderson,126g,6
Balderson,500g,4
Balderson,170g,4
Balderson,4.5kg,2
Balderson,1 piece,2
Balderson,$3.49/100g $15.83/1lb,2
Balderson,$3.49/100g,2
Balderson,$2.44/100g $11.08/1lb,2
Balderson,400g,1
Balderson,150g,1
Baldwin St.,375g,9
Baldwin St.,680g,2
Baldwin St.,925g,1
Baldwin St.,750g,1
Baldwin St.,4x170g,1
Baldwin St. Kosher,375g,1
Balocco,700g,4
Balocco,400g,3
Balocco,175g,3
Balocco,800g,1
Balocco,750g,1
Balocco,350g,1
Balsam,Balsam Pomegranate Molasses 300ml,1
Balsam,250ml,1
Baltic,454g,1
Baltic,227g,1
Baltic Gifts,750g,2
Baltic Gifts,250g,1
Baltic Gifts,1000g,1
Balzac's,300g,7
Balzac's,340g,5
Balzac's,189g,3
Balzac's,18ea,2
Balzac's Coffee Roasters,E-BALZAC FARMERS BLEND GRND,1
Balzac's Coffee Roasters,E-BALZAC BALZACS BLEND GRND,1
Balzac's Coffee Roasters,18un,1
Balzacs Coffee Roasters,340g,6
Balzacs Coffee Roasters,18un,4
Bambino Mio,Roasted Vermicelli,1
Banana Chips,Bulk100g,2
Banded Peak Brewing,4 Each,1
Bang,473ml,8
Bang Energy,don't settle for second best. Grab a Bang Energy and Fuel Your Destiny.,4
Bar Harbor,398ml,3
Bar Harbor,284ml,3
Bar Harbor,240ml,1
Barbara's,super cheesy puffs.,1
Barbara's,Barbara's Bakery Original Cheese Puffs. A mixture of real aged cheddar and blue cheese.,1
Barbara's Bakery,155g,1
Barbaras Bakery,312g,2
Barbaras Bakery,285g,2
Barbaras Bakery,198g,1
Barberians,198g,2
Barbican,330ml,11
Barbican,Cool drink with flavours,4
Barbican,Malt Beverage,1
Barbican,Apple Malt Beverage,1
Bare,96g,2
Bare,94g,1
Bare,79g,1
Bare,77g,1
Bare Snacks,Bare Fuji & Reds Apple Chips,1
Bare Snacks,96GM,1
Bare Snacks,96 GM,1
Bare Snacks,94GM,1
Bare Snacks,79 GM,1
Bare Snacks,77GM,1
Bare.,96 g.,1
Baril,500g,1
Barilla,410g,47
Barilla,340g,14
Barilla,and an elevated mac & cheese recipe.,2
Barilla,454g,2
Barilla,450g,2
Barilla,"holding the flavour of pasta sauces beautifully while retaining the firm ""al dente"" texture that you expect from Barilla.",1
Barilla,Barilla Wavy Lasagna 454g,1
Barilla,Barilla Tagliatelle Pasta N¡ã16 450g,1
Barilla,Barilla Spaghettini 410g,1
Barilla,Barilla Spaghetti 410g,1
Barilla,Barilla Semolina Pasta Pappardelle N. 166 450g,1
Barilla,Barilla Rotini 410g,1
Barilla,Barilla Penne Rigate 410g,1
Barilla,Barilla Pastina Pasta 340g,1
Barilla,Barilla Orzo 340g,1
Barilla,Barilla Farfalle 410g,1
Barilla,Barilla Cut Macaroni 410g,1
Barilla,100,1
Barista,340g,5
Barista,30un,2
Barley,Bulk100g,2
Barley,Italian Roast1 Each,1
Barney Butter,284g,5
Barney Butter,6x17.0g,1
Barnum's,200g,4
Barq's,12x355.0ml,2
Barq's,355ml,1
Barq's,12x355ml,1
Barq's,12 Each,1
Barq¡¯s,12 x 355ml,1
Barr,6x330.0ml,1
Barr,500ml,1
Barr Irn Bru,500ml,1
Barratt,190g,1
Barrio Fiesta,500g,3
Barry Callebaut,255g,1
Barry's Tea,250g,1
Bartar,700g,4
Bartar,280g,3
Bartar,500g,2
Bartar,480g,2
Bartar,420g,2
Bartar,630g,1
Bartar,450g,1
Bartar,300g,1
Bartar,200g,1
Bartons,227g,1
Barzula,250g,4
Barzula,1kg,1
Basma,400g,2
Basse,415g,12
Basse,600g,6
Basse,550g,4
Basse,336g,4
Basse,520g,2
Basse,510g,2
Basse,480g,2
Basse,445g,2
Basse,440g,2
Basse,425g,2
Bassett's,200g,1
Bassili's Best,907g,3
Bassili's Best,2.27kg,2
Bassili's Best,300g,1
Bassili's Best,286g,1
Bassili's Best,250g,1
Bassili's Best,1.5kg,1
Bassilis Best,907g,3
Bassilis Best,300g,1
Basso,500 Millilitre,1
Batchelor,250g,2
Batchelor,300g,1
Batchelors,300g,4
Batchelors,Mushy processed peas,1
Batchelors,284ml,1
Bauducco,80g,4
Bauducco,680g,4
Bauducco,165g,4
Bauli,750g,4
Bauli,0.7kg,3
Bauli,820g,1
Bavarian,500g,2
Bavarian,100g,1
Baxter,575g,5
Baxter,510g,3
Baxter,800g,2
Baxter,1l,2
Baxter,Baxter Butter,1
Baxter,4l,1
Baxter,480g,1
Baxter,473ml,1
Baxter,454g,1
Baxter,360g,1
Baxter,2l,1
Baxters,6x67.0g,4
Baxters,402g,2
Baxters,400g,1
Baxters,170g,1
Bazooka,96g,1
Bazooka,70.9g,1
Bazooka,67g,1
Bazooka,57g,1
Bazooka,40g,1
Bazooka,36g,1
Bazooka,34g,1
Bazooka,31g,1
Bazooka,31G,1
Bazooka,26g,1
Bazooka,11g,1
Bdfzl,Bdfzl Lollipop Silica Gel Can Be Reused The Silica Gel Is Matched With The Lollipop,1
Bdfzl,Bdfzl Honey ABS Integrated Molding Creative Small Kitchenware Design Take Honey,1
Bdfzl,Bdfzl Easter Lovely Rabbit Tea Bag Hanging Fixed Tea Bag Fixed Tea Bag Tea Cup Wall Decoration Rabbit Differentiator,1
Be Sweet,500g,2
Be Sweet,1kg,2
Bean Bark,iron and protein Made with all natural ingredients without preservatives Suitable for vegans Made with love by dietitians!,1
Beans,Bulk100g,2
Beans,WholeFresh1 Pound,1
Beans,Small WhiteBulk100g,1
Bear,100g,9
Bear Paws,240g,10
Bear Paws,168g,6
Bear Paws,480g,5
Bear Paws,210g,2
Bear Paws,800g,1
Bear Paws,480 gr,1
Bear Paws,336g,1
Bear Paws,240 gr,1
Bear Paws,189g,1
Beatrice,500ml,7
Beatrice,2l,7
Beatrice,460ml,6
Beatrice,4l,4
Beatrice,1l,2
Beatrice,Bea SrCrm 5%,1
Beatrice,Bea SrCrm 14%,1
Beatrice,Bea Cott Chse 2%,1
Beatrice,Bea Cott Chse 1% Lite,1
Beatrice,BEA HOMO MIlK 2l,1
Beatrice,750ml,1
Beatrice,500?g,1
Beatrice,3l,1
Beatrice,250ml,1
Beatrice,1?l,1
Beaus,6x473.0ml,1
Beaus,473ml,1
Beaver Tails,425g,2
Beaver Tails,375g,2
BeaverTails,425g,1
Becaristey,Becaristey 12pcs Dessert And 12pcs Paper Packaging Cookies To 12x Color Piece NF-Y181,1
Becaristey,Becaristey 100pcs Teabags Empty Scented Heal Pouch Filter for Loose Fabric Pocket 2Set,1
Becel,850g,37
Becel,454g,24
Becel,427g,24
Becel,637g,8
Becel,1.7kg,6
Becel,227g,3
Becel,1.28kg,3
Becel,4 x 113g,2
Becel,1l,2
Becel,1.275kg,2
Becel,Salted 454g,1
Becel,Becel Plant Butter Salted 427g Tub,1
Becel,Becel Plant Butter Garlic 227g Tub,1
Becel,Becel Margarine with Olive Oil,1
Becel,Becel Margarine with Avocado Oil,1
Becel,680g,1
Becel,500g,1
Bechtle,500g,12
Bechtle,500 grams,1
Beck's,6x330ml - bottles,1
Beck's,6 Each,1
Becks,6x330.0ml,2
Becks,500ml,1
Bee Hive,500ml,1
Bee Hive,1l,1
Bee Maid,500g,4
Bee Maid,1kg,2
Bee Maid,375g,1
BeeMaid,500g,6
BeeMaid,1kg,2
Beechwood,200g,1
Beef,1 Each,1
Beehive,113g,3
Beehive,1l,1
Beehive Cheese,500ml,1
Beemster,250g,6
Beemster,1 piece,3
Beemster,$51.90/1kg,1
Beemster,$3.19/100g $14.47/1lb,1
Beetology,250ml,5
Beetology,Juice Beet and Veggie,1
Beetology,Juice Beet and Tropical Fruit,1
Beetology,Juice Beet and Lemon & Ginger,1
Beetology,Juice Beet and Cherry,1
Beetology,Juice Beet and Berry,1
Beetology,500ml,1
Beets,Fresh170g,1
Beets,1 Each,1
Beige,680g,1
Beigel and Beigel Design,170g,4
Beigel and Beigel Design,150g,2
Beigel and Beigel Design,300g,1
Beignes d'Antan,325g,1
Beirabaga,sell quantity 270g,1
Beirabaga,Beirabaga Fig Jam,1
Bel,400g,1
Bel Gioiso,170g,1
BelGioioso,226g,2
Bela Peko,715g,1
Belfish,198g,3
Belfish,99g,2
Belfish,Belfish tuna is light meat infused in oil.,1
Belgioioso,170g,2
Belgioioso,226g,1
Bell Peppers,Hot House226g,2
Bell Peppers,Hot House Grown220g,1
Bell Peppers,Fresh240g,1
Bell Peppers,3 Pack3 Each,1
Bella,251 Millilitre,1
Bella,1.5l,1
Bella Casara,125g,5
Bella Casara,250g,4
Bella Casara,300g,2
Bella Casara,180g,2
Bella Casara,200g,1
Bella Del Sol,750ml,2
Bella Del Sol,Premium ¨C First Cold Press,1
Bella Del Sol,500ml,1
Bella Italia,251ml,1
Bella Sun Luci,99g,1
Bella Sun Luci,251ml,1
Bellaberry,100g,5
Bellaggio,1l,1
Bellavitano,150g,2
Bellavitano,$5.79/100g $57.90/1kg,1
Belle Bretagne,Fine Herbs Glazed Country Style Pate150g,1
Belle Creme,300g,1
Belle Grove,227g,11
Belle Grove,14g,4
Belle Grove,170g,2
Belle Grove,100g,2
Belle Grove,4un,1
Belle Grove,454g,1
Belle Grove,400g,1
Belle Grove,150g,1
Bellitalia,225g,2
Bellitalia,150g,1
Belly Ice Cream,500ml,7
Belmont,568g,3
Belov,180g,3
Belov,125g,2
Belov,150g,1
Belov,100g,1
Beloving,37pcs Pretend Fruit Birthday Cake with Candles Preschool Blue,1
Beloving,20Pcs/set Figurine Assorted Craft Fairy Garden Decoration DIY Gift Toys Pink,1
Belsoy,4x125.0g,3
Belsoy,4x125g,2
Belsoy,500g,1
Belsoy,250ml,1
Ben & Florentine,650g,1
Ben & Jerry's,473ml,46
Ben & Jerry's,473 Millilitre,23
Ben & Jerry's,473ml Ice Cream,6
Ben & Jerry's,Banana 1/2 Dipped Chocolate50 Millilitre,2
Ben & Jerry's,946 Millilitre,2
Ben & Jerry's,Ben & Jerry's Peanut Butter Half Baked Ice Cream,1
Ben & Jerry's,6 Each,1
Ben & Jerry's,50 Millilitre,1
Ben & Jerry's,473ml Frozen Dessert,1
Ben & Jerry¡¯s,473ml,10
Ben&Jerrys,473ml,6
Ben's Original,240g,46
Ben's Original,Perfect Every Time?,28
Ben's Original,250g,27
Ben's Original,132g,10
Ben's Original,255g,8
Ben's Original,397g,6
Ben's Original,PERFECT EVERY TIME?,5
Ben's Original,490g,5
Ben's Original,1.6kg,5
Ben's Original,2.2kg,4
Ben's Original,907g,3
Ben's Original,Ben's Original Garlic Risotto,2
Ben's Original,Ben's Original Cheese Risotto,2
Ben's Original,Ben's Original Bistro Express Spicy Mexican,2
Ben's Original,460g,2
Ben's Original,400g,2
Ben's Original,365g,2
Ben's Original,Roasted Garlic Flavour & Wild Rice365g,1
Ben's Original,E-BISTRO BEN'S FS VEG MED,1
Ben's Original,E-BENS ORIGINAL BEN'S WGB 2.27,1
Ben's Original,E-BENS ORIGINAL BEN'S CONVERTED 2.27,1
Ben's Original,E-BENS ORGANIC BENS ORGANIC SS,1
Ben's Original,Boxed Rice907g,1
Ben's Original,Ben's Original Street Food Jamaican Jerk Style Red Beans & Rice with Chicken,1
Ben's Original,Ben's Original Street Food Gumbo with Chicken Sausage,1
Ben's Original,Ben's Original Street Food Fried Rice with Vegetables,1
Ben's Original,Ben's Original Street Food Bean and Rice Burrito Bowl 255g,1
Ben's Original,Ben's Original Mushroom Risotto,1
Ben's Original,Ben's Original Bistro Express Tik Masala,1
Ben's Original,Ben's Original Bistro Express Family Size Roasted Chicken Flavour,1
Ben's Original,Ben's Original Bistro Express Family Size Jasmine Coconut Flavour,1
Ben's Original,4kg,1
Ben's Original,180g,1
Ben's Original,170g,1
Benedetto,680g,1
Bennett's,1.89l,2
Bennett's,4x300ml,1
Bennett's,1.82l,1
Benny's Best,595g,1
Bens,240g,33
Bens,250g,27
Bens,132g,12
Bens,397g,10
Bens,255.15g,7
Bens,1.6kg,6
Bens,907g,4
Bens,365g,4
Bens,4kg,2
Bens,460g,2
Bens,400g,2
Bens Original,490g,5
Bens Original,240g,4
Bens Original,2.2kg,4
Bens Original,0.49kg,1
Bento,439g,3
Bento,200g,3
Bento,43g,2
Bento,400g,2
Bento,350ml,2
Bento,340g,2
Bento,296ml,2
Bento,25g,2
Bento,106g,2
Bento,96g,1
Bento,81g,1
Bento,80g,1
Bento,654g,1
Bento,620g,1
Bento,609g,1
Bento,601g,1
Bento,594g,1
Bento,580g,1
Bento,424g,1
Bento,420g,1
Bento,377g,1
Bento,355ml,1
Bento,332g,1
Bento,325g,1
Bento,281g,1
Bento,277g,1
Bento,274g,1
Bento,263g,1
Bento,256g,1
Bento,243g,1
Bento,236g,1
Bento,220g,1
Bento,215g,1
Bento,208g,1
Bento,195g,1
Bento,175g,1
Bento,162g,1
Bento,130g,1
Bento,1220g,1
Bento,1185g,1
Bento Sushi,375ml,1
Bento Sushi,350ml,1
Bento Sushi,100g,1
Beretta,300g,1
Bergeron,125g,3
Bergeron,1 piece,2
Bergeron,A Taste Assortment,1
Bergeron,400g,1
Bergeron,,1
Berman,200g,10
Berman,180g,3
Berman,80g,1
Berman,200 g,1
Bernard,1l,3
Bertolini,20x36.0g,1
Bertolli,500ml,15
Bertolli,1l,14
Bertolli,624g,9
Bertolli,750ml,5
Bertolli,250ml,5
Bertolli,630ml,3
Bertolli,2l,2
Bertolli,Broccoli Fettuccine Alfredo,1
Bertolli,BER CKN FLOR 4/624G,1
Bertolli,Alfredo & Penne,1
Bertolli,415ml,1
Bertolli,155ml,1
Best,1l,2
Best,1?l,1
Better Bears,50g,2
Better Than Bouillon,227g,19
Better Than Bouillon,Vegetable Base Bouillon Seasoning,1
Better Than Bouillon,Roasted Chicken Base Bouillon Seasoning,1
Better Than Bouillon,Roasted Beef Base Bouillon Seasoning,1
Better Than Boullion,227g,1
Better Than Noodles,385g,1
Better Than Pasta,385g,1
Better Than Rice,385g,1
Bettermoo(d),946ml,1
Betty,grains bread 600g,2
Betty,white bread 675g,1
Betty,Whole wheat bread 675g,1
Betty Bread,Auger No Fat No Sugar Added White Loaf Bread,1
Betty Bread,675g,1
Betty Crocker,375g,52
Betty Crocker,340g,37
Betty Crocker,141g,21
Betty Crocker,496g,15
Betty Crocker,450g,15
Betty Crocker,226g,14
Betty Crocker,521g,13
Betty Crocker,215g,11
Betty Crocker,168g,11
Betty Crocker,138g,10
Betty Crocker,454g,9
Betty Crocker,430g,9
Betty Crocker,128g,9
Betty Crocker,425g,8
Betty Crocker,200g,8
Betty Crocker,263g,6
Betty Crocker,180g,6
Betty Crocker,550g,5
Betty Crocker,498g,5
Betty Crocker,465g,5
Betty Crocker,453g,5
Betty Crocker,440g,5
Betty Crocker,404g,5
Betty Crocker,385g,5
Betty Crocker,357g,5
Betty Crocker,348g,5
Betty Crocker,337g,5
Betty Crocker,266g,5
Betty Crocker,120g,5
Betty Crocker,635g,4
Betty Crocker,539g,4
Betty Crocker,294g,4
Betty Crocker,206g,4
Betty Crocker,10 Each,4
Betty Crocker,42g,3
Betty Crocker,368g,3
Betty Crocker,220g,3
Betty Crocker,158g,3
Betty Crocker,148g,3
Betty Crocker,142g,3
Betty Crocker,12ea,3
Betty Crocker,637g,2
Betty Crocker,212g,2
Betty Crocker,210g,2
Betty Crocker,19g,2
Betty Crocker,184g,2
Betty Crocker,170g,2
Betty Crocker,166g,2
Betty Crocker,1130g,2
Betty Crocker,10ea,2
Betty Crocker,100ea,2
Betty Crocker,1.13kg,2
Betty Crocker,Spice375g,1
Betty Crocker,Original1.13kg,1
Betty Crocker,Chocolate340g,1
Betty Crocker,Chocolate Cookies & Dble Choc Frosting168g,1
Betty Crocker,92g,1
Betty Crocker,28 Each,1
Betty Crocker,24ea,1
Betty Crocker,218g,1
Betty Crocker,204g,1
Betty Crocker,198g,1
Betty Crocker,13ea,1
Betty Crocker,12un,1
Betty Crocker,120ml,1
Betty Crocker,113g,1
Betty Crocker,10 pouches/226g,1
Beyond Meat,400g,12
Beyond Meat,226g,11
Beyond Meat,340g,5
Beyond Meat,678g,4
Beyond Meat,235g,3
Beyond Meat,227g,2
Beyond Meat,Hot Italian400g,1
Beyond Meat,Classic235g,1
Beyond Meat,6 Each,1
Beyond Meats,283g,1
Beyond Moo,550g,2
Beyond Steak,226g,1
Bhikharam Chandmal,150g,2
Bibigo,680g,7
Bibigo,510g,3
Bibigo,710ml,1
Bibigo,245g,1
Bibigo,187g,1
Bick's,1l,20
Bick's,1 Litre,10
Bick's,500ml,8
Bick's,750ml,5
Bick's,375ml,5
Bick's,500 Millilitre,4
Bick's,750 Millilitre,2
Bick's,375 Millilitre,2
Bick's,Bick¡¯s No Garlic Dill Pickles,1
Bicks,1l,14
Bicks,500ml,10
Bicks,750ml,5
Bicks,375ml,5
Big Banana,312g,2
Big Chief,BIG CHIEF Beef Jerky Teriyaki 80g,1
Big Chief,BIG CHIEF Beef Jerky Original 80g,1
Big League Chew,60g,4
Big Leave Chew,60g,1
Big Mountain,300g,10
Big Mountain,340g,8
Big Mountain,400g,2
Big Mountain,240g,2
Big Sky Brands,A Delightfully Refreshing and Tangy Treat,4
Big Sky Brands,For The Strong And Spicy Mint Lover,2
Big Sky Brands,Pure Natural Maple Sugar Goodness,1
Big Sky Brands,For The Strong & Spicy Mint Lover,1
Big Sky Brands,A Deliciously Spicy On-The-Go Treat,1
Bigelow,18 Each,4
Bigelow,20 Each,2
Bikaji,140g,9
Bikaji,Tandoori Naan Plain,1
Bikaji,Sweet and Spicy snack,1
Bikaji,Spicy snack,1
Bikaji,Soya Stick,1
Bikaji,ROUND FLAKY BISCUIT,1
Bikaji,Paneer Kulcha,1
Bikaji,POTATO CHIPS FLAVOURED WUTH MIXTURE OF SPIICES,1
Bikaji,POTATO CHIPS FLAVOURED WITH A HINT OF MINT AND OTHER SPICES,1
Bikaji,Nut Cracker,1
Bikaji,Methi Parantha,1
Bikaji,Kaju Kismis Mix,1
Bikaji,Home Style Parantha,1
Bikaji,Frozen Tandoori Garlic Naan,1
Bikaji,Frozen Soya Sheekh Kebab,1
Bikaji,Fine Flour Fried Patties,1
Bikaji,E-VERKA BIK GULAB JAMUN,1
Bikaji,E-BIKAJI BIKAJI KHATTAMEETHA,1
Bikaji,Dahi Kebab,1
Bikaji,Chowpati Bhelpuri,1
Bikaji,Burger Patty,1
Bikaji,BIKAJI SOAN PAPDI,1
Bikaji,Aloo Kulcha,1
Bikaji,360g,1
Bikaner,370g,3
Bikaner,400g,2
Bikaner,454g,1
Bikaner,330g,1
Bikaner's,Chickpea Fudge 400g,1
Bikaner's,454g,1
Bikano,Bikano All In One Mixture 150g,1
Bikano,Bikano All In One Mixture,1
Bikano,BIKANO Bikaneri Bhujia,1
Bikano,400g,1
Billy Bee,500g,7
Billy Bee,375g,7
Billy Bee,1kg,6
Billy Bee,250g,2
Billy Bee,BIL.BEE HNY RST PNTS,1
Bin Bin,150g,1
Bindi,450g,2
Binggrae,560ml,17
Binggrae,Volume/Quantity - 560ml/8 x 70ml,1
Binggrae,Volume-560ml/8x70ml,1
Binggrae,Melona Melon ND Flavour,1
Binggrae,Melona Mango ND Flavour,1
Binggrae,Melona Mango Ice Bar. 8 x 70ml,1
Binggrae,Melona Coconut ND Flavour,1
Bio K+,6x98.0g,6
Bio K+,12x98.0g,3
Bio K+,588g,2
Bio K+,15ea,2
Bio K+,98g,1
Bio K+,30ea,1
Bio K+,1176g,1
Bio-K+,6x98g,6
Bio-Vert,4.43l,3
Bio-Vert,700ml,2
Bio-Vert,480g,1
Bio.Vital,1l,1
BioSteel,306g,2
BioSteel,750g,1
BioSteel,725g,1
BioSteel,315g,1
BioSteel,140g,1
BioSteel,12x500ml,1
Biobio,200g,7
Biobio,150g,1
Bioitalia,398ml,8
Bioitalia,500g,7
Bioitalia,160ml,3
Bioitalia,750ml,2
Bioitalia,358ml,2
Bioitalia,300ml,2
Bioitalia,250ml,2
Bioitalia,796ml,1
Bioitalia,660ml,1
Bioitalia,375g,1
Bioitalia,340ml,1
Bioitalia,120g,1
Biori,100% Organic Gluten Free Red Lentil Pasta,1
Biori,100% Organic Gluten Free Chickpea Pasta,1
Biosteal,12x500ml,1
Biosteel,500ml,10
Biosteel,112g,5
Biosteel,7un,2
Biosteel,16un,2
Biosteel,12x500ml,2
Biosteel,12x 500ml,2
Biosteel,7x49g,1
Biotta,500ml,2
Bird's,340g,1
Bird's,250g,1
Birdeem,Birdeem Silica Gel Tea Bag Tea Filter Silica Gel Tea Filter,1
Birdeem,Birdeem Four Compartments Seasoning Jar Compartment Multifunctional Seasoning Can Of Spices Household Seasoning Combination Set Spice Can Of Spices,1
Birds,340g,2
Birra Moretti,500ml,1
Biscoff,400g,2
Bisto,227g,8
Bisto,170g,6
Bisto,454g,1
Bisto,227 grams,1
Bistro,Perfect Every Time?,6
Bistro,E-BISTRO BEN'S FS MEXICAN,1
Bistro,E-BISTRO BEN'S FS JASMINE,1
Bistro,BISTRO BEN'S FS BASMATI,1
Black,A bag contains on average 1000g,1
Black,,1
Black & White,340g,1
Black Bomber,150g,2
Black Diamond,252g,33
Black Diamond,400g,27
Black Diamond,410g,19
Black Diamond,320g,14
Black Diamond,336g,9
Black Diamond,220g,6
Black Diamond,300g,5
Black Diamond,240g,5
Black Diamond,200g,5
Black Diamond,588g,4
Black Diamond,127.6g,4
Black Diamond,3x43g,3
Black Diamond,300ml,3
Black Diamond,8 units,2
Black Diamond,28 sticks,2
Black Diamond,189g,2
Black Diamond,16 sticks,2
Black Diamond,129g,2
Black Diamond,Mozzarella16 Each,1
Black Diamond,Marble16 Each,1
Black Diamond,Marble Lactose Free9 Each,1
Black Diamond,Marble Lactose Free12 Each,1
Black Diamond,825g,1
Black Diamond,3 packs x 43 g; 129g,1
Black Diamond,28 Each,1
Black Diamond,21g,1
Black Diamond,16 Pack,1
Black Forest,454g,1
Black River,1l,18
Black River,Individually vacuum packed,1
Black River,E-BLACK RIVER BLK RIVER APPLE MNGO,1
Black River,E-BLACK RIVER BLACKRIVER TART CHRY,1
Black River,Black River - Black River Juice | Multiple Flavours,1
Black River,960g / 8x120g / 8 count,1
Black River,840g / 6x140g / 6 count,1
Black River,600g / 6x100g / 6 count,1
Black River,300ml Glass Bottle,1
Black River,1.4kg,1
Black River,1.44kg,1
Black River Angus,thinly sliced beef sirloin,1
Blackwell,1 Litre,6
Blackwell,473 Millilitre,5
Blackwell,2 Litre,5
Blackwell,4 Litre,4
Blackwell Dairy,473 Millilitre,2
Blender Bites,360g,5
Blender Bites,Just Add Liquid - 360g,4
Blender Bites,Just Add Liquid 360g,3
Bleu Sauvage,355ml,1
Bleu mer,340g,1
Bloom's,340g,3
Bloom's,216g,3
Bloom's,546g,1
Blooms,28g,8
Blooms,55g,5
Blooms,216g,4
Blooms,50g,3
Blooms,130g,3
Blooms,340g,2
Blooms,30g,2
Blooms,21g,2
Blue Diamond,946ml,22
Blue Diamond,1.89l,14
Blue Diamond,170g,13
Blue Diamond,946 Millilitre,6
Blue Diamond,454g,6
Blue Diamond,120g,6
Blue Diamond,18x23.0g,2
Blue Diamond,1.89 Litre,2
Blue Diamond,Wasabi & Soy Sauce Flavour170g,1
Blue Diamond,Bold Sriracha170g,1
Blue Diamond,Bold Spicy Dill Pickle170g,1
Blue Diamond,Bold Salt 'n Vinegar170g,1
Blue Diamond Almonds,946ml,6
Blue Diamond Almonds,Blue Diamond Almond Breeze Unsweetened Coconut,1
Blue Diamond Almonds,1.89l,1
Blue Diamond Nuts,43g,4
Blue Dragon,270ml,8
Blue Dragon,150ml,7
Blue Dragon,140ml,5
Blue Dragon,220g,4
Blue Dragon,310ml,3
Blue Dragon,300g,3
Blue Dragon,253g,3
Blue Dragon,200ml,3
Blue Dragon,271g,2
Blue Dragon,Rice noodles ideal for any stir fry dish.,1
Blue Dragon,Pad Thai Rice Noodles 300g,1
Blue Dragon,400ml,1
Blue Dragon,270g,1
Blue Dragon,270 Millilitre,1
Blue Dragon,150 Millilitre,1
Blue Dragon,134ml,1
Blue Dragon,134g,1
Blue Lizard,14g,3
Blue Monkey,1l,2
Blue Monkey,330ml,1
Blue Mussels,Bag454g,1
Blue Tide,100g,4
Blue Tide,200g,3
Blue Top,SWEET AND SPICY WITH A KICK OF CAYENNE SPICE.,1
Blue Top,HATCH CHILES AND TANGY LEMON.,1
Blue Top,GARLIC AND LEMON.,1
Blue Top,255g,1
Blue Water Seafoods,500g,1
BlueWater Seafoods,350g,7
BlueWater Seafoods,500g,5
BlueWater Seafoods,525g,4
BlueWater Seafoods,725g,3
BlueWater Seafoods,600g,2
BlueWater Seafoods,519g,2
BlueWater Seafoods,516g,2
BlueWater Seafoods,480g,2
BlueWater Seafoods,450g,2
BlueWater Seafoods,325g,2
BlueWater Seafoods,300g,2
BlueWater Seafoods,261g,2
BlueWater Seafoods,255g,2
BlueWater Seafoods,210g,2
Blueday,2023 Semi-automatic birthday cake smoothing machine cake coating machine cream plastering filling machine kitchen appliance,1
Bluewater Seafoods,300g,1
Bluff,4x355ml,1
Bluff,355ml,1
Blume,8x4.0g,3
Bnei Darom,560g,4
Bnei Darom,650g,1
Boa Mesa,1l,1
Bob Red Mill,907g,4
Bob Red Mill,50g,3
Bob Red Mill,312g,3
Bob Red Mill,12x50g,3
Bob Red Mill,510g,2
Bob Red Mill,340g,1
Bob Red Mill,300g,1
Bob Red Mill,255g,1
Bob Red Mill,200g,1
Bob Snail,100g,2
Bob's,567g,1
Bob's Red Mill,680g,14
Bob's Red Mill,454g,7
Bob's Red Mill,453g,6
Bob's Red Mill,907g,4
Bob's Red Mill,624g,4
Bob's Red Mill,624 GR,4
Bob's Red Mill,340g,4
Bob's Red Mill,2.27kg,4
Bob's Red Mill,567g,3
Bob's Red Mill,567 GR,3
Bob's Red Mill,Gluten Free680g,2
Bob's Red Mill,907 GR,2
Bob's Red Mill,907 G,2
Bob's Red Mill,794g,2
Bob's Red Mill,680 GR,2
Bob's Red Mill,510g,2
Bob's Red Mill,510 GR,2
Bob's Red Mill,454 GR,2
Bob's Red Mill,453G,2
Bob's Red Mill,453 GR,2
Bob's Red Mill,227g,2
Bob's Red Mill,227 GR,2
Bob's Red Mill,142g,2
Bob's Red Mill,Rolled Oats Old Fashioned907g,1
Bob's Red Mill,Peanut Butter & Jelly Flavour Bar50g,1
Bob's Red Mill,Peanut Butter & Honey Bar50g,1
Bob's Red Mill,Gluten Free907g,1
Bob's Red Mill,Gluten Free794g,1
Bob's Red Mill,Gluten Free510g,1
Bob's Red Mill,BRM ORG WG BUCKWHEAT GROATS,1
Bob's Red Mill,BRM ORG FARRO GRAINS,1
Bob's Red Mill,BRM FLAXSEED MEAL 453 GM,1
Bob's Red Mill,822g,1
Bob's Red Mill,71g,1
Bob's Red Mill,67g,1
Bob's Red Mill,624G,1
Bob's Red Mill,61g,1
Bob's Red Mill,595g,1
Bob's Red Mill,51g,1
Bob's Red Mill,397g,1
Bob's Red Mill,369g,1
Bob's Red Mill,368g,1
Bob's Red Mill,368GR,1
Bob's Red Mill,340 GR,1
Bob's Red Mill,335g,1
Bob's Red Mill,227GR,1
Bob's Red Mill,2.27 KG,1
Bob's Red Mill,142GR,1
Bob's Red Mill,1.24kg,1
Bob's Red Mill,1.24 KG,1
Bobines,1 per tray,1
Bobs Red Mill,454g,11
Bobs Red Mill,624g,10
Bobs Red Mill,680g,9
Bobs Red Mill,907g,8
Bobs Red Mill,340g,8
Bobs Red Mill,453g,7
Bobs Red Mill,368g,4
Bobs Red Mill,50g,3
Bobs Red Mill,397g,3
Bobs Red Mill,595g,2
Bobs Red Mill,567g,2
Bobs Red Mill,227g,2
Bobs Red Mill,2.27kg,2
Bobs Red Mill,2.268kg,2
Bobs Red Mill,142g,2
Bobs Red Mill,1240g,2
Bobs Red Mill,67g,1
Bobs Red Mill,61g,1
Bobs Red Mill,510g,1
Bobs Red Mill,255g,1
Bock Ale,473ml,5
Bock Ale,6x355ml,2
Bodek,227g,2
Bodek,454g,1
Bodek,142g,1
BodyArmor,473ml,24
Bodyarmor,473 Millilitre,7
Bodyarmor,743 Millilitre,1
Boeuf Quebec,Beef Bavette,1
Boeuf Quebec,454g,1
Boiron,200ml,6
Boiron,125ml,5
Boiron,15ml,4
Boiron,75g,2
Boiron,6ea,2
Boiron,60ea,2
Boiron,30ml,2
Boiron,70g,1
Boiron,240ea,1
Boiron,1ea,1
Boivin,350g,1
Bok Choy,",1400g",1
Boldwin,473ml - can,1
Bologna,100g,1
Bolthouse,946ml,20
Bolthouse,1.54l,9
Bolthouse,450ml,3
Bolthouse,1540ml,3
Bolthouse Farm,1.54l,2
Bolthouse Farm,355ml,1
Bolthouse Farms,946ml,23
Bolthouse Farms,1.54l,13
Bolthouse Farms,450ml,11
Bolthouse Farms,946 Millilitre,8
Bolthouse Farms,1.54 Litre,7
Bolthouse Farms,450 Millilitre,4
Bolthouse Farms,355 Millilitre,3
Bolthouse Farms,340g,2
Bolthouse Farms,Yogurt Dressing & Dip355 Millilitre,1
Bolthouse Farms,Sweet Petites - Premium340g,1
Bolthouse Farms,Salsa Ranch355 Millilitre,1
Bolthouse Farms,Pumpkin Spice Latte1.54 Litre,1
Bolthouse Farms,Classic Ranch355 Millilitre,1
Bolthouse Farms,Bolthouse Farms 100% Pomegranate Juice 1.54l,1
Bolthouse Farms,Bolthouse Farms 100% Carrot Juice,1
Bolthouse Farms,284g,1
Bolthouse Farms,2 oz,1
Bolthouse Farms,2 Pound,1
Bolthouse Farms,12 oz,1
Bolthouse Farms,10 oz,1
Bom Petisco,120g,4
Bom Petisco,sell quantity 99g,1
Bom Petisco,sell quantity 198g,1
Bom Petisco,sell quantity 120g,1
Bom Petisco,99g,1
Bom Petisco,198g,1
Bon Matin,600g,14
Bon Matin,595g,3
Bon Matin,675g,2
Bon Matin,550g,2
Bon Matin,700g,1
Bon Matin,520g,1
BonLife,3 Litre,1
Bone Brewhouse,16g,5
Bone Brewhouse,80g,3
Bone Suckin Sauce,454g,1
Bonne Maman,250ml,23
Bonne Maman,250 Millilitre,6
Bonne Maman,290ml,4
Bonne Maman,280ml,3
Bonne Maman,250g,3
Bonne Maman,360g,2
Bonne Maman,BONNE MAMAN - LEMON CURD,1
Bonne Maman,580g,1
Bonne Maman,530ml,1
Bonomelli,29g,1
Bonomelli,20 pack,1
Bonte Donair,550g,1
Boo Bamboo,1l,7
Boo Bamboo,300ml,2
Boo Bamboo,150ml,2
Boo Bamboo,120ml,1
Booch,473ml,8
Boost,237 Millilitre,1
Border,150g,2
Boreal Berry Farm,284g,3
Borgat,80g,5
Borgat,160g,4
Borgat,18g,2
Borges,$19.90/1kg,12
Borges,$21.90/1kg,3
Borges,$23.90/1kg,2
Borges,400g,1
Borges,355ml,1
Borges,350g,1
Borges,$20.90/1kg,1
Borjomi,500ml,2
Borjomi,750ml,1
Born 3,Born 3 Omega-3 White Eggs,1
Born 3,Born 3 Omega-3 Brown Eggs,1
Born 3,12 Each,1
Borna,400g,1
Borsec,1.5l,1
Bor¨¦ale,473ml,1
Bos,125g,4
Bos,170g,1
Bos,$50.68/1kg $22.99/1lb,1
Bos Smoked Fish,190g,1
Boss Smoked Fish,125g,2
Boss Smoked Fish,170g,1
Boston Market,369g,4
Boston Market,397g,2
Boston Market,371g,2
Boston Market,Sweet & sour Chicken,1
Boston Market,Chicken Pot Pie,1
Boston Market,Chicken Parmesan,1
Boston Market,Chicken Fettuccine Alfredo,1
Boston Market,CHICKEN BACON RANCH,1
Botan,8kg,4
Botan,4kg,3
Botan,Botan Calrose Rice 4kg,1
Botan,BOTAN BROWN RICE 15 pounds,1
Botanica,106g,1
Bothwell,170g,9
Bothwell,250g,7
Bothwell,230g,4
Bothwell,100g,4
Bothwell,450g,2
Bothwell,240g,1
Bothwell Cheese,170g,7
Bothwell Cheese,540g,1
Bothwell Cheese,450g,1
Bothwell Cheese,240g. Made in Canada.,1
Bothwell Cheese,170 GR,1
Botticelli,710ml,3
Bottle Green,750ml,1
Boucherie Charcuterie Perron,175g,1
Boulangerie Blouin,275g,5
Boulangerie Blouin,375g,3
Boulangerie Grissol,120g,12
Boulangerie Grissol,135g,8
Boulangerie Grissol,400g,4
Boulangerie Grissol,200g,4
Boulangerie Grissol,150g,4
Boulangerie Grissol,350g,3
Boulangerie Grissol,350?g,2
Boulangerie Grissol,130g,2
Boulangerie Grissol,Dry Breads,1
Boulangerie Grissol,Dare,1
Boulangerie Grissol,Boulangerie Grissol Baguettes Sprouted Grain,1
Boulangerie Grissol,250g,1
Boulangerie Saint-Donat,500g,3
Boulangerie Saint-Donat,620g,2
Boulangerie Saint-Donat,275g,1
Boulangerie Saint-Donat,235g,1
Bounty,57g,1
Bourbon,310g,1
Bourbon,297g,1
Bourdin,80g,1
Boursin,150g,34
Boursin,170g,3
Boursin,130g,3
Boursin,250g,2
Boursin,240g,2
Boursin,220g,2
Boursin,200ml,2
Boursin,Shallot & Ciboulette150g,1
Boursin,Garlic Herb170g,1
Boursin,Fresh soft white cheese bites 130g,1
Boursin,Fresh soft white cheese 150g,1
Boursin,Fresh soft white cheese,1
Boursin,Boursin Fig & Balsamic Cheese,1
Boursin,Boursin Cuisine Shallot & Chive Cream Sauce,1
Boursin,Boursin Cuisine Garlic & Fine Herbs Cream Sauce,1
Boursin,"Boursin Bouquet of Basil & Chive fresh soft white cheese
150g",1
,,
Bow Valley,350ml,7
Boy Bawang,100g,7
Boy Bawang,Boy Bawang Cornick Garlic flavor 100g,1
Boylan Bottling Co,355ml,5
Bragg,946ml,5
Bragg,473ml,5
Bragg,473 Millilitre,2
Bragg,gluten-free liquid seasoning made from non-GMO verified soybeans. It delivers essential amino acids and is a perfect alternative to soy sauce.,1
Bragg,Organic ACV Citrus Ginger 473ml,1
Bragg,Honey Flavour 473ml,1
Bragg,Bragg? Organic Apple Cider Vinegar is the original wellness elixir.,1
Bragg,ACV,1
Bragg,946 Millilitre,1
Bragg,3.79l,1
Bragg Live Food,946ml,1
Branca,1kg,1
Branca de Neve,1kg,1
Brands Unlimited,Sour Chewy Candy 100 pcs bag,1
Brands Unlimited,RAINBOW CANDY ROLLS,1
Brands Unlimited,Mega Candy Mix - Assorted 410 pcs bag,1
Brands Unlimited,Halloween gummy candy 40 pcs bag,1
Brands Unlimited,Halloween Pops Asst,1
Brands Unlimited,Halloween Marshmallows 50 pcs bag,1
Brands Unlimited,GUMMY PARTY BAG,1
Brands Unlimited,GUMMY FIESTA 40PCS,1
Brands Unlimited,FRUIT POPS,1
Brands Unlimited,75g,1
Brands Unlimited,400g,1
Brands Unlimited,320g,1
Brands Unlimited,1100g,1
Brands Unlimited,100g,1
Brandt,250g,5
Brandt,175g,2
Brandt,$35.90/1kg,1
Brandt,$21.90/1kg,1
Brandt,$17.90/1kg,1
Brandt Meats,250g,3
Brandt Meats,Gold Liver Sausage,1
Brandt Meats,Fine Liver Sausage,1
Brandt Meats,Brandt Kolbassa with Natural Ingredients,1
Brandt Meats,175g,1
Branston,360g,3
Branston,520g,1
Brar,9.07kg,1
Brar,4 Pound,1
Brar's,624g,8
Brar's,400g,7
Brar's,850g,3
Brar's,800g,3
Brar's,375g,3
Brar's,9.07kg,2
Brar's,1kg,2
Brar's,1810g,2
Brar's,1600g,2
Brar's,12 pieces,2
Brar's,100g,2
Brar's,Pastry filled with savoury Jalapeno and cheese,1
Brar's,PASTRY FILLED WITH SAVOURY SPINACH AND PANEER,1
Brar's,BRAR'S MALAI PANEER BLACK PEPPER,1
Brar's,900g,1
Brar's,850gm,1
Brar's,454gm,1
Brar's,400gm,1
Brar's,350gm,1
Brar's,300g,1
Brar's,26 Pieces,1
Brar's,250gm,1
Brar's,250g,1
Brar's,1600gm,1
Brar's,120g,1
Brar's,12 Pieces,1
Brar's,1.6 Kg Pack of 6,1
Brar's,1 Each,1
Brasseur de Montr¨¦al,473ml - can,1
Brasseurs RJ,425ml,1
Braswell's,236g,2
Braveheart,100 Pieces Canvas Drawstring Bags Filter Home Supplies Solid Color Fine Mesh Reliable Fast Drying Spice Bag for Hold Crafts Tea Leaf 7*9cm,1
Bravo,680ml,1
Bravo!,680ml,1
Bravos,680ml,1
Bread Crumbs,Bulk100g,1
Breadeep,1/2pcs Butter Mixing Tool Peanut Butter Stirrer Peanut Butter Mixer Jam Mixer Kitchen,1
Breadko Bakery,6 un - 400g,2
Breadko Bakery,5 un - 425g,1
Breakstone,Cottage Cheese,2
Breakstone,Butter,2
Breakstone,Breakstone Cottage Cheese 4% 4pk.,1
Breakstone,Breakstone Cottage Cheese 2% 4pk.,1
Breakstone,4x113.0g,1
Breakstone,12x226.0g,1
Breakstone s,227g,2
Breaktime,250g,4
Bremner's,946 Millilitre,1
Bresse Bleu,140g,1
Breton,200 gr,5
Breton,135g,3
Breton,200g,2
Breton,180g,2
Breton,150g,2
Breton,E-BRETON BRETON BASIL 200G,1
Breton,132g,1
Breyers,1.66l,54
Breyers,1.66 Litre,13
Breyers,1.66 L Frozen Dessert,8
Breyers,Maple Walnut1.66 Litre,1
Breyers,Dark Chocolate Truffle1.66 Litre,1
Breyers,Dark Cherry Vanilla1.66 Litre,1
Breyers,Chocolate Hazelnut1.66 Litre,1
Breyers,Caramel Fudge1.66 Litre,1
Breyers,Butterscotch Ripple1.66 Litre,1
Breyers,1.66 LT Ice Cream,1
Breyers,1.66 L Ice Cream,1
Brianna's,355 Millilitre,6
Briannas,355ml,14
Briannas,296ml,3
Brick Oven,600g,1
Bridor,450g,2
Bridor,425g,2
Brightside Organics,1kg,1
Brio,1l,3
Brio,355ml - bottle,1
Brio,12x355ml,1
Brioschi,355ml,5
Brioschi,1l,1
Brisk,710ml,26
Brisk,12x355.0ml,4
Brisk,591ml,3
Brisk,12x355ml,3
Brisk,6x710ml,2
Brisk,1l,2
Brisk,Brisk Strawberry Iced Tea 710ml,1
Brisk,BRISK BRISK ZERO SUGAR,1
Brisk,710ml Can,1
Brisk,2?l,1
Brisk,2l,1
Brisk,1?l,1
Britannia,75g,9
Britannia,231g,6
Britannia,150g,5
Britannia,620g,4
Britannia,100g,4
Britannia,Indian cookies,3
Britannia,372g,3
Britannia,350g,3
Britannia,480g,2
Britannia,400g,2
Britannia,390g,2
Britannia,Wheat rusk,1
Britannia,PISTA ALMOND COOKIES,1
Britannia,JIM JAM BISCUIT,1
Britannia,Indian milk rusk,1
Britannia,Indian biscuits,1
Britannia,Glucose Biscuits,1
Britannia,Crisp and light snack,1
Britannia,Butter cookies,1
Britannia,BR TIGER GLUC BISC,1
Britannia,BOURBON CREAM BISCUIT,1
Britannia,780g,1
Britannia,750g,1
Britannia,55g,1
Britannia,550g,1
Britannia,540g,1
Britannia,500g,1
Britannia,450g,1
Britannia,120g,1
Britannia,1000g,1
British Class,800g,3
British Class,450g,2
British Class,575g,1
British Class,500ml,1
Broccolette,Fresh1 Each,1
Broccoli,Fresh660g,1
Broccoli,Fresh280g,1
Broccoli,600g,1
Brockmann's,120g,1
Brodie,2.5kg,2
Brodie,1kg,1
Broghies,75g,2
Broghies,45g,2
Broghies,120g,2
Brome Lake,330g,1
Brome Lake,300g,1
Brome Lake,$11.44/1kg $5.19/1lb,1
Brome Lake,$10.34/1kg $4.69/1lb,1
Brome Lake Ducks,300g,4
Brome Lake Ducks,700g,1
Brome Lake Ducks,330g,1
Brome Lake Ducks,200g,1
Brome Lake Ducks,,1
Brome Lake Dukes,250g,1
Brondbend,Brondbend Flash Deals Cupcake Shaped Candy Box Multifunctional Fruit Shaped Candy Tray Food Storage Box Snack Candy Cookies Fruit Food Candy Christmas,1
Brooke Bond,900g,2
Brooke Bond,RED LABEL BLACK LOOSE TEA,1
Brookside,235g,7
Brookside,210g,3
Brosia,500g,6
Brother Sprout,500g,1
Brownie,12un,2
Bru,200g,2
Brum's,1 L Carton,3
Brum's,1.89 L Carton,1
Brunswick,106g,20
Brunswick,100g,18
Brunswick,92g,5
Brunswick,Lemon & Cracked Pepper100g,1
Brunswick,85g,1
Brunswick,106 g.,1
Brussels,Bulk1 Pound,1
Br?lerie Tatum,225g,1
Bubbie's Biscotti,256g,3
Bubbie's Biscotti,252g,1
Bubbies,256g,2
Bubbies,1l,2
Bubbies,750ml,1
Bubbies,500ml,1
Bubbies,250ml,1
Bubly,12 Each,11
Bubly,12x355ml,9
Bubly,12x355ml - cans,4
Bubly,473 Millilitre,3
Bubly,48 Millilitre,2
Bubly,473ml,2
Bubly,Watermelon355 Milligram,1
Bubly,Raspberrybubly355 Millilitre,1
Bubly,Apple355 Millilitre,1
Bubly,4 Each,1
Bubly,12 x 355ml,1
Bubly Sparkling Water,12x355.0ml,26
Bubly Sparkling Water,473ml,3
Bubly Sparkling Water,355ml,2
Buccaneer Jamaica,70g,2
Buccaneer Jamaica,80g,1
Buckwheat,Bulk100g,1
Bud Light,473ml,2
Bud Light,6x473.0ml,1
Bud Light,6x355.0ml,1
Buddha Leaf,80g,2
Buderim Ginger,4x250ml,4
Budweiser,473ml,3
Budweiser,6x355.0ml,2
Budweiser,6 Each,2
Budweiser,12x355ml - cans,2
Budweiser,12x355.0ml,2
Budweiser,RELISH CANADA SAUC,1
Budweiser,E-CANADA SAUCE MUSTARD CANADA SAUCE,1
Budweiser,6x473.0ml,1
Budweiser,6x341ml - bottles,1
Budweiser,591 Millilitre,1
Budweiser,12 Each,1
Budweiser Zero,0.0% Fully Brewed Non-Alcoholic Beer,2
Budweiser Zero,Beer,1
Buenas,340g,9
Buenas,454g,7
Buenas,227g,7
Buenas,E-BUENAS BNS SW COCONUT SPR,1
Buenas,Buenas Jute Leaves,1
Buenas,8oz (226g),1
Buenas,500g,1
Buenas,340ml,1
Buenas,113g,1
Buffalo Wild Wings,355ml,6
Buffalo Wild Wings,335ml,3
Bulacan,454g,6
Bulacan,340g,5
Bulacan,227g,2
Bulacan,100g,2
Bulacan,Sugar Palm Fruit,1
Bulacan,Coconut Macapuno String 340G,1
Bulacan,Coconut Gel in Syrup 340g,1
Bulacan,Bulacan Sundried Bihon 454g,1
Bulacan,Bulacan Misua,1
Bulacan,Bulacan Kropek,1
Bulacan,Bulacan Halo-Halo,1
Bulacan,Bulacan Fish Crackers,1
Bulacan,Bulacan Banana Chips,1
Bulacan,70g,1
Bulacan,114g,1
Bulk Organic,227g,1
Bull Head,250g,2
Bull Head,737g,1
Bull's Eye,425 Millilitre,8
Bull's Eye,425ml,4
Bull's-Eye,425ml,17
Bulles de Nuit,750ml,1
Bulletproof,340g,5
BullsEye Popcorn,Make up 280 cones,3
BullsEye Popcorn,Make up to 60 portions,1
Bunblic,Kids Play Crystal Beads Children animal,1
Bunblic,Kids Play Crystal Beads Children Playground Loose Beads,1
Bunblic,Drip Coffee Maker One Cup American Coffee Maker with Cup for Household - Pink,1
Bunblic,"2x Pudding Tray Jelly for Home Kitchen Silicone Ice /Ball Mould Accessory,",1
Bunnyfields,175g,1
Bunuelina,342g,1
Buono,208g,4
Buono,each 26g.,1
Burnbrae,336g,2
Burnbrae,12un,2
Burnbrae Farms,12ea,18
Burnbrae Farms,500g,16
Burnbrae Farms,12un,15
Burnbrae Farms,12 eggs,15
Burnbrae Farms,336g,7
Burnbrae Farms,6 eggs,6
Burnbrae Farms,190g,6
Burnbrae Farms,6un,5
Burnbrae Farms,6ea,5
Burnbrae Farms,2x95.0g,4
Burnbrae Farms,1ea,4
Burnbrae Farms,18ea,4
Burnbrae Farms,30un,2
Burnbrae Farms,2ea,2
Burnbrae Farms,18un,2
Burnbrae Farms,18 eggs,2
Burnbrae Farms,1 eggs,2
Burnbrae Farms,SpinachRicotta190g,1
Burnbrae Farms,Snack Size336g,1
Burnbrae Farms,Minimum net weight - 88g,1
Burnbrae Farms,Burnbrae Farms Shell Eggs - 12,1
Burnbrae Farms,Burnbrae Farms Extra Large Brown Eggs,1
Burnbrae Farms,Burnbrae Farms 2.5 Dozens Large White Eggs,1
Burnbrae Farms,6 per pack,1
Burnbrae Farms,6 Each,1
Burnbrae Farms,1kg,1
Burnbrae Farms,1 Kg,1
Burnbrae farms,1kg,1
Burns,Sliced500g,1
Burns,375g,1
Burt's Bees,4.25g,26
Burt's Bees,1ea,7
Burt's Bees,105ml,4
Burt's Bees,8.5g,3
Burt's Bees,398ml,3
Burt's Bees,30ea,3
Burt's Bees,95ml,2
Burt's Bees,7.98g,2
Burt's Bees,7.08g,2
Burt's Bees,50g,2
Burt's Bees,170g,2
Burt's Bees,9g,1
Burt's Bees,90g,1
Burt's Bees,9.35g,1
Burt's Bees,8ml,1
Burt's Bees,85g,1
Burt's Bees,4g,1
Burt's Bees,3x4.25g,1
Burt's Bees,17g,1
Burt's Bees,177ml,1
Burt's Bees,175ml,1
Burt's Bees,123.03g,1
Burt's Bees,110g,1
Burt's Bees,0.7g,1
Burts,1ea,1
Busch,6x473.0ml,2
Busch,30x355.0ml,2
Bush,398 Millilitre,2
Bush Beans,Black Beans in Mild Chili Sauce398 Millilitre,1
Bush's Best,398ml,19
Bush's Best,398 Millilitre,7
Butcher's Choice,1.13kg,4
Butcher's Choice,500g,3
Butcher's Choice,1.2kg,3
Butcher's Choice,2.27kg,2
Butcher's Selection,680g,2
Butcher's Selection,900g,1
Butcher's Selection Lean Ground Beef,Butcher's Selection lean ground beef,1
Butchers Selection,Stampede Hotdog,1
Butchers Selection,Honey Garlic,1
Butchers Selection,Butcher's Selection Fully Cooked Texas BBQ Pork Back Ribs,1
Butchers Selection,750g,1
Butter Cream,10 x 25g,1
Butterball,1.5kg,10
Butterball,$6.59/1kg $2.99/1lb,9
Butterball,$8.80/1kg $3.99/1lb,8
Butterball,375g,6
Butterball,$4.26/1kg $1.93/1lb,6
Butterball,$4.25/1kg $1.93/1lb,5
Butterball,900g,4
Butterball,450g,4
Butterball,300g,4
Butterball,7-9kg,3
Butterball,6kg,3
Butterball,5-7kg,3
Butterball,$7.69/1kg $3.49/1lb,3
Butterball,,3
Butterball,8kg,2
Butterball,600g,2
Butterball,5.00 - 7.00kg,2
Butterball,4kg,2
Butterball,3-5kg,2
Butterball,1ea,2
Butterball,175g,2
Butterball,$9.90/1kg $4.49/1lb,2
Butterball,$8.14/1kg $3.69/1lb,2
Butterball,White & Dark1.5kg,1
Butterball,Turkey Bacon,1
Butterball,Original375g,1
Butterball,Frozen1.5kg,1
Butterball,Frozen 7-9kg9kg,1
Butterball,Frozen 5-7kg6kg,1
Butterball,Frozen 3-5kg4kg,1
Butterball,BUTTERBALL BB STUF TKY BRST RST,1
Butterball,9-11kg,1
Butterball,852g,1
Butterball,8 Each,1
Butterball,7.00 - 9.00kg,1
Butterball,4-5kg,1
Butterball,3.00 - 5.00kg,1
Butterball,2 x 150g,1
Butterball,2 thighs per package,1
Butterball,2 drumsticks per package,1
Butterball,10kg,1
Butterball,1.2kg,1
Butterball,0.65 - 0.80kg,1
Butterball,0.50 - 0.69kg,1
Butterball,$9.46/1kg $4.29/1lb,1
Butterball,$8.80/1kg,1
Butterball,$8.36/1kg $3.79/1lb,1
Butterball,$7.91/1kg $3.59/1lb,1
Butterball,$7.01/1kg,1
Butterball,$6.59/1kg,1
Butterball,$4.26/1kg,1
Butterball,$4.25/1kg,1
Butterball,$11.44/1kg,1
Butternut,Fresh810g,1
Butterscotch,Bulk100g,1
Byblos Bakery,725g,1
Bzdzmqm,Green,3
Bzdzmqm,Pink,2
Bzdzmqm,Gold,2
Bzdzmqm,B,2
Bzdzmqm,yellow,1
Bzdzmqm,Gray,1
Bzdzmqm,GN,1
Bzdzmqm,E,1
Bzdzmqm,D,1
Bzdzmqm,Coffee,1
Bzdzmqm,Blue,1
Bzdzmqm,A,1
B?ton Rouge,320g,2
B?ton Rouge,B?ton Rouge bacon poutine 320g,1
B?ton Rouge,750g,1
B?ton Rouge,700g,1
B?ton Rouge,585g,1
B?ton Rouge,580g,1
B?ton Rouge,4x140g,1
B?ton Rouge,45g,1
B?ton Rouge,425ml,1
B?ton Rouge,385g,1
B?ton Rouge,36g,1
B?uf Premi¨¨re Qualit¨¦,,4
B?uf Premi¨¨re Qualit¨¦,A tray contains on average 450g,3
B?uf Premi¨¨re Qualit¨¦,A tray contains on average 1200g,2
B?uf Premi¨¨re Qualit¨¦,2 steaks per tray,2
B?uf Premi¨¨re Qualit¨¦,1 steak per tray,2
B?uf Premi¨¨re Qualit¨¦,1 per tray,2
B?uf Premi¨¨re Qualit¨¦,1 pack,2
B?uf Premi¨¨re Qualit¨¦,A tray contains on average 900g,1
B?uf Premi¨¨re Qualit¨¦,3 steaks per tray,1
B?uf Premi¨¨re Qualit¨¦,2 ribs per tray,1
C.T.F.,C.T.F. Can Lychee in Syrup,1
C.T.F.,180g,1
C2,500ml,2
C2G,C2 Apple,1
C2G,500ml,1
CACHE CUISINE,Icing Sugar,2
CACHE CUISINE,ECACHE CUISINE WHITE SUGAR,1
CACHE CUISINE,ECACHE CUISINE GOLDEN YELLOW SUGAR,1
CACHE CUISINE,ECACHE CUISINE BROWN SUGAR,1
CACHE CUISINE,E-CACHE CUISINE WHITE SUGAR,1
CACHE CUISINE,E-CACHE CUISINE GOLDEN YELLOW SUGAR,1
CACHE CUISINE,E-CACHE CUISINE BROWN SUGAR,1
CANDA SIX FORTUNE,CANDA SIX FORTUNE RICE DUMPG R BEAN,1
CANDESA,SUGAR CANE SMAll,1
CARAMILK,84g,1
CASA ITALIA,200 G DICED CURED MEAT,1
CATELLI,500g,8
CATELLI,340g,5
CATELLI,Catelli Garden Select Tomato & Basil 600ml,3
CATELLI,375g,3
CATELLI,Catelli Garden Select Tomato Parmesan Romano 600ml,2
CATELLI,Catelli Garden Select Tomato Sauce Garlic Onion 600ml,1
CATELLI,250g,1
CATELLI_EN,375g,2
CAULIPOWER,Cauliflower Plain pizza crust,1
CAVENDISH FARMS,750g,16
CAVENDISH FARMS,800g,12
CAVENDISH FARMS,650g,6
CAVENDISH FARMS,1.8kg,6
CAVENDISH FARMS,2kg,5
CAVENDISH FARMS,625g,4
CAVENDISH FARMS,600g,4
CAVENDISH FARMS,1kg,4
CAVENDISH FARMS,1.2kg,4
CAVENDISH FARMS,540g,2
CAVENDISH FARMS,454g,2
CAVENDISH FARMS,400g,2
CAVENDISH FARMS,2.25kg,2
CAVENDISH FARMS,1.5kg,2
CAwuhong,Sanrio Hello Kitty Cinnamoroll Accessories Thick Sole Shoes Cute Girl New Casual Sports Board Shoes Platform Athletic Sneaker,1
CAwuhong,Hello Kitty Pink High Top Canvas Shoes Women Sanrio Cartoon Graffiti Students Versatile Hand-painted Sneaker Y2k Cute Girl Boots,1
CELSIUS Energy Drink,CELSIUS ORANGE,1
CELSIUS Energy Drink,CELSIUS KIWI GUAVA,1
CELSIUS Energy Drinks,CElSIUS TROPICAl,1
CELSIUS Energy Drinks,CELSIUS PEACH VIBE,1
CHESTER'S,Cheese Flavour150g,1
CHESTER'S,150g,1
CHESTER'S,140g,1
CHION,SEA SALT,1
CHOCXO,98g,2
CHOCXO,Chocxo Toffee Almond Sea Salt,1
CHOSEN FOODS,Chosen Foods Avocado Oil Mayonnaise Squeeze,1
CHOSEN FOODS,Chosen Foods Avocado Oil Mayonnaise,1
CHOSEN FOODS,CHOSEN FOODS AVO OIL SPRAY 383G,1
CHOSEN FOODS,750ml,1
CHOSEN FOODS,134g,1
CHUNGJUNGONE O`FOOD,Hot Pepper sauce Halal,1
CJ,840g,2
CJ,BULGOGI SAUCE MILD&SWEET,1
CJ,BULGOGI SAUCE HOT&SPICY,1
CJ Foods,630g,4
CJO O'Food,Korean style hot pepper paste,1
CLASSICO,650 Millilitre,14
CLASSICO,410 Millilitre,6
CLASSICO,600 Millilitre,4
CLASSICO,218 Millilitre,2
CLASSICO,in Lazio.650 Millilitre,1
CLASSICO,Peppers & Onions Spaghetti Sauce.650 Millilitre,1
CLAUSTHALER,6x330.0ml,1
CLIF,68g,31
CLIF,50g,4
CLIF,340g,4
CLIF,281g,4
CLIF,180.02g,4
CLIF,12x68.0g,4
CLIF,1.3kg,4
CLIF,410g,3
CLIF,408g,3
CLIF,6x68.0g,2
CLIF,1088g,2
CLIF,0.07kg,2
CLUB HOUSE,25g,8
CLUB HOUSE,35g,5
CLUB HOUSE,42g,4
CLUB HOUSE,Obsessed with Flavour,3
CLUB HOUSE,Hero of the Grill,2
CLUB HOUSE,47g,2
CLUB HOUSE,45g,2
CLUB HOUSE,43g,2
CLUB HOUSE,28g,2
CLUB HOUSE,24g,2
CLUB HOUSE,21g,2
CLUB HOUSE,CLUB HOUSE LG MRND TYAK,1
CLUB HOUSE,CLUB HOUSE LG MRND MTL STK SPC,1
CLUB HOUSE,CH ORANGE PURE,1
CLUB HOUSE,CH MINT PEPPERMINT,1
CLUB HOUSE,CH MAPLE IMIT,1
CLUB HOUSE,CH LEMON PURE,1
CLUB HOUSE,CH FR VANILLA IMIT,1
CLUB HOUSE,CH ALMOND PURE,1
CLUB HOUSE,825g,1
CLUB HOUSE,74g,1
CLUB HOUSE,43ml,1
CLUB HOUSE,38g,1
CLUB HOUSE,37g,1
CLUB HOUSE,36g,1
CLUB HOUSE,32g,1
CLUB HOUSE,31g,1
CLUB HOUSE,30g,1
CLUB HOUSE,248g,1
CLUB HOUSE,203g,1
CLUB HOUSE,188g,1
CLUB HOUSE,170g,1
CLUB HOUSE,130g,1
CLUB HOUSE,120g,1
CNKOO,CNKOO Seasoning Box 4 Grids Dustproof Easy to Refill Spice Dispenser Condiment Container for Sugar Restaurant Dining Room Home Clear,1
COUNTRY CROCK,850g,2
COUNTRY CROCK,427g,2
COVE,355ml,8
COVE,4x355.0ml,5
COWBELL,6x473.0ml,2
COZZO,160g,2
CP,250g,1
CR*FT,6 Each,2
CR*FT,Blonde4 Each,1
CR*FT,4 Each,1
CRAVE,300g,7
CRAVE,85g,2
CRAVE,320g,2
CRAVE,312g,2
CRAVE,57g,1
CRAVE,284g,1
CRAVE,283g,1
CRAVE,255g,1
CRAVE,200g,1
CRISPY MINIS,100g,9
CRISPY MINIS,CM Family Size Cheddar,1
CRISPY MINIS,90g,1
CROFTER'S ORGANIC,383 Millilitre,1
CT Bakery,Mini Strawberry Flavoured Donuts,1
CT Bakery,Mini Strawberry Flavoured Canada Day Donuts,1
CT Bakery,Mini Mermaid Donuts,1
CT Bakery,Mini Lemon Pie Flavoured Donuts,1
CT Bakery,Mini Gingerbread Spice Donuts,1
CT Bakery,Mini Festive Ring Donuts,1
CT Bakery,Mini Canada Day Ring Donuts,1
CT Bakery,Medium Maple Flavoured Donuts,1
CT Bakery,Medium Chocolate Boston Cream Donuts,1
CT Bakery,CT Bakery Powdered Strawberry Flavoured Donuts,1
CT Bakery,85G X 6 Pack,1
CT Bakery,75G X 6 Pack,1
CT Bakery,6un,1
CT Bakery,656g,1
CT Bakery,510g,1
CT Bakery,450g,1
CT Bakery,228g,1
CT Bakery,216g,1
CT Bakery,100G X 6 Pack,1
CTBakery,288g,2
CTBakery,264g,1
Cabbage,Fresh975g,1
Cabbage,Fresh1.95kg,1
Cabbage,Fresh1.48kg,1
Cabbage,Fresh1.16kg,1
Caboo,60ea,1
Cache Cuisine,85g,3
Cache Cuisine,White Cane sugar individually packed in 5g pouches. Each carton contains 100 x 5g,1
Cache Cuisine,Organic Sugar,1
Cache Cuisine,Colombian Brown Cane Sugar individually packed in 5g pouches. Each carton contains 100 x 5g,1
Cache Cuisine,908g,1
Cachitos,360g,3
Cachitos,600g,2
Cadbury,100g,61
Cadbury,200g,29
Cadbury,90g,18
Cadbury,152g,13
Cadbury,95g,10
Cadbury,50g,9
Cadbury,1kg,7
Cadbury,170g,7
Cadbury,60g,6
Cadbury,361g,6
Cadbury,33g,6
Cadbury,180g,6
Cadbury,80g,5
Cadbury,501g,5
Cadbury,42g,5
Cadbury,400g,5
Cadbury,58g,4
Cadbury,585g,4
Cadbury,4x42.0g,4
Cadbury,44g,4
Cadbury,92g,3
Cadbury,78g,3
Cadbury,380g,3
Cadbury,304g,3
Cadbury,147g,3
Cadbury,88g,2
Cadbury,8 Each,2
Cadbury,5x80.0ml,2
Cadbury,54.5g,2
Cadbury,4x50.0g,2
Cadbury,4un,2
Cadbury,48g,2
Cadbury,4 Each,2
Cadbury,21.5g,2
Cadbury,114g,2
Cadbury,CDM Hzlnut Mini 152g,1
Cadbury,CADBURY CHRISTMAS MINI EGGS 400G 24,1
Cadbury,Assorted45 Each,1
Cadbury,90 Each,1
Cadbury,8x19.0g,1
Cadbury,88,1
Cadbury,84g,1
Cadbury,800g,1
Cadbury,66g,1
Cadbury,5xe21.5g(107.5g),1
Cadbury,5x80ml,1
Cadbury,5 Each,1
Cadbury,4x60.0g,1
Cadbury,4x20g,1
Cadbury,45 Count585g,1
Cadbury,43g,1
Cadbury,4 Pack Chocolate Bar,1
Cadbury,38g,1
Cadbury,34g,1
Cadbury,32g,1
Cadbury,26g,1
Cadbury,240g,1
Cadbury,232g,1
Cadbury,204g,1
Cadbury,19x19.0g,1
Cadbury,176g,1
Cadbury,154g,1
Cadbury,119g,1
Cadbury,115 Each,1
Cadbury,109g,1
Cadbury,107.5g,1
Cadbury,1.5 LT,1
Cadbury,1 Each,1
Cadbury Dairy Milk,95g,3
Cadbury Dairy Milk,100g,3
Cadbury Dairy Milk,200g,2
Cadbury Dairy Milk,152g,2
Cadbury Dairy Milk,Dairy Milk Wholenut,1
Cadbury Dairy Milk,Dairy Milk Fruit And Nut,1
Cadbury Dairy Milk,Dairy Milk,1
Cadbury Dairy Milk,168g,1
Caesar Squeezer,250ml,1
Caesars,250 Millilitre,2
Caesars,250ml,1
Caesars,12 Each,1
Caesarstea,454g,1
Caesarstea,236g,1
Caesarstea,1kg,1
Caf Lib,150g,5
Caf-Lib,150g,2
Cafe William Spartivento,340g,4
Cafe William Spartivento,300g,1
Caffe Borbone,250g,1
Caffe Borbone,1000g,1
Caffe Vergnano,500g,3
Caffe Vergnano,250g,1
Caffe Vergnano,1000g,1
Caff¨¨ Gioia,1kg,1
Caff¨¨ Vergnano,Vergnano Napoli Capsules,1
Caff¨¨ Vergnano,Vergnano Cremoso Capsules,1
Caff¨¨ Vergnano,Vergnano Arabica Capsules,1
Caf¨¦ Barista,12un,2
Caf¨¦ Barista,340g,1
Caf¨¦ William,340g,5
Caf¨¦ William,908g,1
Caf¨¦ William,650g,1
Caf¨¦ William,300g,1
Caf¨¦ William,12un,1
Cage aux Sports,610g,1
Califia,946ml,1
Califia Farms,1.4l,18
Califia Farms,750ml,3
Califia Farms,OAT BARISTA BLEND,1
Califia Farms,ALMOND BARISTA BLEND,1
Califia Farms,947ml,1
Califia Farms,946ml,1
California,908g,1
California Garden,450g,4
California Garden,185g,2
California Garden,454g,1
Callipo,200g,4
Callipo,3x80.0g,3
Callipo,3x80g,2
Callipo,150g,2
Callipo,2x160g,1
Calve,50ml,1
Calve,227g,1
Cambozola,150g,1
Cambozola,$6.99/100g $31.72/1lb,1
Cambozola,$6.99/100g,1
Cambozola,$4.99/100g $22.64/1lb,1
Cameland,Cameland Three-dimensional Easter with Pattern Dinosaur Chocolate,1
Camembert,438g,1
Camil,1kg,4
Camil,Long Grain White Rice,1
Camil,Long Grain Parboiled Rice,1
Camil,5kg,1
Camil,490g,1
Camille Bloch,100g,6
Camille Bloch,115g,1
Camino,100g,9
Camino,336g,6
Camino,80g,3
Camino,Semi Sweet225g,1
Camino,Bittersweet225g,1
Camino,275g,1
Camino,200g | Multiple Flavours,1
Camino,200g,1
Camino,1kg,1
Campbell,250 Millilitre,1
Campbell's,284ml,116
Campbell's,515ml,72
Campbell's,900ml,50
Campbell's,284 Millilitre,35
Campbell's,250ml,18
Campbell's,515 Millilitre,12
Campbell's,Ready to Serve Soup 515ml,11
Campbell's,900 Millilitre,11
Campbell's,500ml,10
Campbell's,425g,8
Campbell's,Ready to Serve Soup (515ml),3
Campbell's,250 Millilitre,3
Campbell's,213g,3
Campbell's,120g,3
Campbell's,Light284 Millilitre,2
Campbell's,Case of 1212 Each,2
Campbell's,Campbell's? Concentrated Beef Broth is up to 4x concentrated (vs. our Ready to Use broth) so that you can dial up and down the flavour intensity of your dishes. Simply add less water for more flavour!,2
Campbell's,6 x 156ml,2
Campbell's,12 Each,2
Campbell's,Spicy515 Millilitre,1
Campbell's,Savory steak packed with hearty potatoes.,1
Campbell's,Ready to be enjoyed in just a few minutes.,1
Campbell's,Ready to Serve 515ml,1
Campbell's,No Salt Added213g,1
Campbell's,New England Clam Chowder515 Millilitre,1
Campbell's,Made with 4 tomatoes and no artificial flavours.,1
Campbell's,Low Fat284 Millilitre,1
Campbell's,Italian Wedding515 Millilitre,1
Campbell's,Hearty Vegetable Beef515 Millilitre,1
Campbell's,Garden Vegetable Minestrone515 Millilitre,1
Campbell's,Effortlessly create a variety of saucy meals!,1
Campbell's,Creamy Tomato515 Millilitre,1
Campbell's,Cream of Mushroom515 Millilitre,1
Campbell's,Classic Chicken Noodle515 Millilitre,1
Campbell's,Chunky(R) Ready to Serve 515ml,1
Campbell's,Chunky Pepper Steak and Potato515 Millilitre,1
Campbell's,Chunky Creamy Thai Chicken and Rice515 Millilitre,1
Campbell's,Chunky Chicken a' La King515 Millilitre,1
Campbell's,Chunky Chicken Noodle515 Millilitre,1
Campbell's,Chunky Beef515 Millilitre,1
Campbell's,CAMPBELLS CHUNKY SPICY CHICKEN NOODLE,1
Campbell's,412ml,1
Campbell's,4.50 lb,1
Campbell's,160g,1
Campbell's,156ml,1
Campbells,515 Millilitre,2
Campbells,250 Millilitre,1
Campbells,150g,1
Campfire,375g,1
Campside,700g,4
Campside,700Gr,2
Can,Espremedor Extrator Industrial Sucos Laranja Lim?o Frutas Inox Copo espremedor de laranja eletrico espremedor de suco fruta fru,1
Can't Believe it's not Butter,850g,1
Can't Believe it's not Butter,427g,1
CanMar,425g,4
CanMar,340g,2
CanPrev,30ea,2
CanPrev,60ea,1
CanPrev,10ml,1
Canabec,200g,3
Canabec,300ml,1
Canabec,150g,1
Canada Bread,24 x 38g,1
Canada Corn Starch,454g,2
Canada Dry,12x355.0ml,22
Canada Dry,500ml,19
Canada Dry,12x355ml,15
Canada Dry,6x222ml,12
Canada Dry,6x222.0ml,12
Canada Dry,2l,10
Canada Dry,6 Each,7
Canada Dry,12 x 355ml,7
Canada Dry,12 Each,6
Canada Dry,6x710ml,4
Canada Dry,2?l,4
Canada Dry,6 x 222ml,3
Canada Dry,500 Millilitre,3
Canada Dry,4x355ml,3
Canada Dry,355ml,3
Canada Dry,2 Litre,3
Canada Dry,without the sugar.,2
Canada Dry,Canada Dry Raspberry Lemonade Ginger Ale brings the crisp and refreshing taste of Ginger Ale blended with a delicious twist of raspberry lemonade flavour.,2
Canada Dry,Canada Dry Blackberry Ginger Ale Zero Sugar has the crisp and clean taste of Ginger Ale paired with a delicious natural blackberry flavour- it's the perfect low calorie and zero sugar refreshment.,2
Canada Dry,8x300.0ml,2
Canada Dry,6x710.0ml,2
Canada Dry,500ml Bottle,2
Canada Dry,4x355.0ml,2
Canada Dry,4X355ml,2
Canada Dry,355 Millilitre,2
Canada Dry,24x355.0ml,2
Canada Dry,222ml x 6,2
Canada Dry,1l,2
Canada Dry,light and refreshing taste that is perfect to relax and unwind with.,1
Canada Dry,Zero Sugar Tonic Water,1
Canada Dry,Triple Berry355 Millilitre,1
Canada Dry,Ginger Ale Zero Sugar2 Litre,1
Canada Dry,Canada Dry Gingerale 1l,1
Canada Dry,Canada Dry Diet GingerAle 2l,1
Canada Dry,Canada Dry Club Soda 2l,1
Canada Dry,CD Cranberry Ale Zero Sugar,1
Canada Dry,8x300ml,1
Canada Dry,8 Pack,1
Canada Dry,8 Each,1
Canada Dry,6x237.0ml,1
Canada Dry,6X22ml,1
Canada Dry,6 x 710ml,1
Canada Dry,4x237ml,1
Canada Dry,2LT,1
Canada Dry,237ml,1
Canada Dry,222ml 6 Pack,1
Canada Dry,222 Millilitre,1
Canada Dry,20 Each,1
Canada Dry,1?l,1
Canada Dry,1 Litre,1
Canada Garlic,909g,1
Canada Garlic,125g,1
Canada Garlic,120g,1
Canada Red,Canadian Pasta Sauce (640ml),4
Canadian,3kg,1
Canadian Cove,907g,3
Canadian Cove,2 lb,1
Canadian Harvest,Canadian Harvest Grain Fed Brown Eggs,1
Canadian Harvest,12 Each,1
Candesa,1kg,3
Candesa,500g,1
Candesa,454g,1
Candesa,450g,1
Candesa,440g,1
Candesa,2.268kg,1
Candy,Sweet100g,1
Candy,Assorted100g,1
Candy,100g,1
Candy Co,190g,1
Candy Pop,149g,1
Canmar Grain,340g,1
Canoa,397g,9
Canoa,948ml,5
Canoa,540g,2
Canoa,946ml,1
Canoa,900g,1
Canoa,453g,1
Canton,180ml,4
Canton,615ml,3
Cantonesa,340g,1
Cantuccini,200g,1
Caotina,200g,1
Cap'N Crunch,470g,1
Cap'N Crunch,360g,1
Cap'N Crunch,350g,1
Cap'N Crunch,325g,1
Cap'n Crunch,350g,2
Cape Cod,220g,2
Cape Cod,200 GR,2
Capilano,375g,4
Capilano,Manuka Honey Naturally Bioactive MGO100+,1
Capilano,E-CAPILANO CAPILANO MGO30+,1
Capilano,250g,1
Capitain Gourmet,125g,1
Capital,500g,1
Capital,300g,1
Caprice des Dieux,125g,1
Captain Gourmet,150g,1
Caramels F.A.A.,315g,2
Caramels F.A.A.,250ml,1
Caramilk,147g,2
Caramilk,84g,1
Caramilk,50g,1
Carapelli,500ml,3
Carbonaut,544g,12
Carbonaut,550g,10
Carbonaut,283g,8
Carbonaut,335g,4
Carbonaut,Low Carb544g,2
Carbonaut,only 1g,1
Carbonaut,Seeded bread,1
Carbonaut,GF WHITE BREAD,1
Carbonaut,315g,1
Carbonaut,288g,1
Carbonaut,216g,1
Carbonaut,164g,1
Carbone,660ml,9
Cardinal Health,Custard cream biscuits,1
Cardinal Health,Bourbon Creams,1
Carl Buddig,55g,14
Carl Jung,750ml,9
Carl Jung,Wine,1
Carl Jung,Non Alcoholic White Wine,1
Carling,6x473.0ml,1
Carlsberg,6x330.0ml,1
Carlsberg,6 Each,1
Carmella Creeper,263g,1
Carnaby Sweet,500g,14
Carnaby Sweet,300g,7
Carnaby Sweet,125g,6
Carnaby Sweet,100g,6
Carnaby Sweet,600g,4
Carnaby Sweet,428ml,4
Carnaby Sweet,200g,4
Carnaby Sweet,700g,2
Carnaby Sweet,360ml,2
Carnaby Sweet,160g,2
Carnaby Sweet,6000ml,1
Carnation,354ml,13
Carnation,450g,8
Carnation,175g,6
Carnation,500g,3
Carnation,400g,2
Carnation,25g,2
Carnation,250g,2
Carnation,1.7kg,2
Carnation,400 GR,1
Carnation,30 x 15 g Capsules,1
Carnation,170ml,1
Carnation,12 x 15 G,1
Carnation,10 x 25g,1
Carnation,10 Each,1
Carnation,1.7 KG,1
Carnation,1.4kg,1
Carole's,500g,1
Carr's,125g,5
Carr's,baked golden brown.,1
Carr's,Carr's Cheese Melts. Crispy crackers sprinkled with cheese.,1
Carr's,150g,1
Carrots,Rainbow Bunched1 Each,1
Carrots,Fresh400g,1
Carrots,Fresh100g,1
Carrots,Fresh1 Each,1
Carrots,Fresh BunchedOrganic1 Each,1
Carrots,5 Pound,1
Carrots,454g,1
Carrots,3lb3 Pound,1
Carrots,1 Each,1
Carrs,Garlic & Herb125g,1
Carr¨¦ment Tarte,2x80g,3
Carr¨¦ment Tarte,80g,1
Carr¨¦ment Tarte,2x120g,1
Carr¨¦ment Tarte,2x110g,1
Carte Noire,14un,2
Carvalhelhos,1l,2
Casa,375g,4
Casa Bonita,Mexican Salsa 300ml,2
Casa Bonita,CB Whtcorn Tortillas,1
Casa Bonita,CB Chipotle Salsa,1
Casa Bonita,450g,1
Casa Bonita,300g,1
Casa Fiesta,Diced - Mild118 Millilitre,1
Casa Fiesta,296 Millilitre,1
Casa Fiesta,212 Millilitre,1
Casa Fiesta,118 Millilitre,1
Casa Grecque,425ml,2
Casa Grecque,490g,1
Casa Mendosa,640g,8
Casa Mendosa,384g,6
Casa Mendosa,340g,6
Casa Mendosa,204g,4
Casa Mendosa,630g,3
Casa Mendosa,6 Each,3
Casa Mendosa,10 Each,2
Casa Mendosa,238g,1
Casa Mexicana,340g,3
Casablanca,290ml,7
Casablanca,400g,6
Casablanca,340g,4
Casablanca,850g,1
Casablanca,520ml,1
Casablanca,400ml,1
Casablanca,1kg,1
Casablanca Classics,454g,1
Casal Domingo,355ml,2
Casal Domingo,341ml,1
Casal Domingo,12x355ml,1
Casal Domingo,12x341.0ml,1
Casanova,250ml,2
Casbah,198g,8
Casbah,180g,7
Casbah,340g,4
Casbah,200g,4
Casbah,284g,3
Casbah,170g,3
Casbah,5 Each,1
Cashews,Bulk100g,7
Cashews,500g,1
Castello,200g,41
Castello,125g,31
Castello,150g,13
Castello,165g,11
Castello,1 piece,9
Castello,425g,7
Castello,500g,6
Castello,198g,4
Castello,145g,3
Castello,113g,3
Castello,,3
Castello,800g,2
Castello,6x250ml,2
Castello,175g,2
Castello,170g,2
Castello,$4.69/100g $21.28/1lb,2
Castello,Crumbled113g,1
Castello,525g,1
Castello,4x250ml,1
Castello,350g,1
Castello,2x175g,1
Castello,170?g,1
Castello,165 g - 8 slices,1
Castello,1500ml,1
Castello,$46.90/1kg $21.28/1lb,1
Castello,$4.69/100g $46.90/1kg,1
Castello,$4.69/100g,1
Castello,$4.59/100g $20.83/1lb,1
Castello,$4.59/100g,1
Castello,$4.19/100g $19.01/1lb,1
Castello,$4.09/100g $18.56/1lb,1
Castello,$3.99/100g $39.90/1kg,1
Castello,$3.99/100g $18.10/1lb,1
Castello,$3.49/100g $15.83/1lb,1
Castello,$2.99/100g $13.57/1lb,1
Catarina,500g,2
Catarina,320g,2
Catarina,360g,1
Catch Of The Day,Sole Fillets,1
Catch Of The Day,Haddock Fillets,1
Catch Of The Day,Basa Fillets,1
Catch Of The Day,750g,1
Catch Of The Day,680g,1
Catch Of the Day,350g,1
Catch of the Day,350g,3
Catch of the Day,900g,2
Catch of the Day,800g,1
Catch of the Day,750g,1
Catch of the Day,680g,1
Catch of the Day,580g,1
Catch of the Day,340g,1
Catch of the Day,1kg,1
Catch of the Day,10x50ml,1
Catch of the Day,1.32,1
Catelli,375g,48
Catelli,340g,22
Catelli,600ml,9
Catelli,500g,9
Catelli,640ml,8
Catelli,300g,7
Catelli,250g,7
Catelli,Lasagne Pasta500g,3
Catelli,Thick & Rich Spicy Red Pepper Chilies680 Millilitre,2
Catelli,Spaghetti Pasta375g,2
Catelli,Rotini Pasta700g,2
Catelli,Rotini Pasta375g,2
Catelli,Large Shells Pasta700g,2
Catelli,Fusilli Pasta375g,2
Catelli,Fettuccine Pasta900g,2
Catelli,900g,2
Catelli,37g,2
Catelli,Thick & Rich Original680 Millilitre,1
Catelli,Spaghettini375g,1
Catelli,Spaghettini Pasta900g,1
Catelli,Spaghettini Pasta375g,1
Catelli,Spaghetti Pasta900g,1
Catelli,Spaghetti Pasta340g,1
Catelli,Penne Rigate Pasta700g,1
Catelli,Penne Rigate Pasta375g,1
Catelli,Penne Rigate Pasta340g,1
Catelli,Manicotti Pasta225g,1
Catelli,Linguine Pasta900g,1
Catelli,Lasagne Pasta375g,1
Catelli,Fettuccine Pasta375g,1
Catelli,73g,1
Catelli,680ml,1
Catelli,600 Millilitre,1
Catelli,22g,1
Catelli,153g,1
Catelli?,375g,1
Catelli? Garden Select?,640ml,4
Catelli? Garden Select?,Catelli Garden Select Parmesan & Romano Pasta Sauce,1
Catelli? Garden Select?,Catelli Garden Select Country Mushroom Pasta Sauce,1
Cathalem,Green One Size,7
Cathalem,Yellow One Size,5
Cathalem,Black One Size,5
Cathalem,White One Size,4
Cathalem,Pink One Size,3
Cathalem,E One Size,3
Cathalem,Blue One Size,3
Cathalem,B One Size,3
Cathalem,Khaki One Size,2
Cathalem,Gray One Size,2
Cathalem,C One Size,2
Cathalem,A One Size,2
Cathalem,Rose Gold One Size,1
Cathalem,Red One Size,1
Cathalem,Purple S/M,1
Cathalem,Purple One Size,1
Cathalem,Pink Xl,1
Cathalem,Pink M,1
Cathalem,PP2 One Size,1
Cathalem,PP1 One Size,1
Cathalem,Orange One Size,1
Cathalem,Navy One Size,1
Cathalem,Light Blue One Size,1
Cathalem,D One Size,1
Cathalem,Bl,1
Cathalem,Beige One Size,1
Cathalem,B M,1
Cathedral City,200g,3
Cathedral City,150g,1
Cathedral City,120g,1
Cathedral City,1 piece,1
Catherine's,250ml,3
Cattle Boyz,Big Country Garlic380g,1
Cattle Boyz,490g,1
Cattle Boyz,490 Millilitre,1
CattleBoyz,490ml,2
Cauliflower,1 Each,2
Cauliflower,Fresh1.3kg,1
Caulipower,320g,2
Caulipower,310g,2
Caulipower,340g,1
Caulipower,330g,1
Cavalier,FLAMINGO TURKEY UT 3-5 FRZN,1
Cavalier,CAVALIER TURKEY UT 5-7 FRZN,1
Cavalier,5-7kg,1
Cavalier,3-5kg,1
Cavender's,92g,1
Cavendish,750g,5
Cavendish,10 Each,2
Cavendish,1.8kg,2
Cavendish,540g,1
Cavendish,1kg,1
Cavendish,1.5kg,1
Cavendish,1.2kg,1
Cavendish & Harvey,200g,1
Cavendish & Harvey,175g,1
Cavendish Farms,750g,12
Cavendish Farms,650g,8
Cavendish Farms,800g,5
Cavendish Farms,400g,3
Cavendish Farms,1.2kg,3
Cavendish Farms,625g,2
Cavendish Farms,600g,2
Cavendish Farms,540g,2
Cavendish Farms,2.25kg,2
Cavendish Farms,1kg,2
Cavendish Farms,1.8kg,2
Cavendish Farms,454g,1
Cavendish Farms,1.5kg,1
CavendishF,650g,1
CavendishF farms,650g,1
Cavendsh Farms,800g,1
Ccdes,Stainless Steel Food-grade For Home Kitchen Restaurant Coffee Shop Gloss Gold,1
Ccdes,Reusable Ice Cream Containers With Lids,1
Ccdes,Plastic Multipurpose Manual Cake Airbrush For Pastry For Chocolate Rose Red,1
Ccdes,2pcs Coffee Press Filters Stainless Steel For Coffee House 4 Servings,1
Cebu,80g,1
Cedar,907g,36
Cedar,540ml,15
Cedar,454g,7
Cedar,500ml,6
Cedar,330g,4
Cedar,1.8kg,4
Cedar,1.75kg,4
Cedar,8kg,3
Cedar,796ml,3
Cedar,500g,3
Cedar,1l,3
Cedar,750g,2
Cedar,4kg,2
Cedar,398ml,2
Cedar,250ml,2
Cedar,1kg,2
Cedar,120g,2
Cedar,800g,1
Cedar,750ml,1
Cedar,675ml,1
Cedar,550g,1
Cedar,425ml,1
Cedar,400g,1
Cedar,390g,1
Cedar,370g,1
Cedar,300ml,1
Cedar,250g,1
Cedar,200g,1
Cedar,141g,1
Cedar,1.81kg,1
Cedar Bakery,330g,2
Cedar Bay,544g,2
Cedar Bay,226g,2
Cedar Bay,141g,2
Cedar Bay,375g,1
Cedar Valley,180g,3
Cedarvale,250ml,1
Cehvom,Each Lollipop Comes With A Small Stick Clearance,1
Celebration,240g / Boxed Cookies,4
Celebration,240g,4
Celebration,240 g / Boxed Cookies,2
Celebration,350 g / Boxed Cookies,1
Celebration,325g,1
Celebration,240g/Boxed Cookies,1
Celebration,240 g/Boxed Wafer Cookies,1
Celebration,12x240g,1
Celebration Herbals,24un,1
Celebrity,113g,7
Celebrity Goat Cheese,Unripened Goat's Milk Cheese 113g,1
Celery,Fresh675g,1
Celery,Fresh40g,1
Celery Root,355g,1
Celestial,18un,3
Celestial,20un,2
Celestial Organics,18un,4
Celestial Organics,32g,1
Celestial Seasonings,20 Each,10
Celestial Seasonings,20ea,8
Celestial Seasonings,20un,7
Celestial Seasonings,Herbal,4
Celestial Seasonings,94g,2
Celestial Seasonings,40ea,2
Celestial Seasonings,40 Each,2
Celestial Seasonings,20 CT,2
Celestial Seasonings,1ea,2
Celestial Seasonings,Organic Herbal,1
Celestial Seasonings,Herbal Tea,1
Celestial Seasonings?,Herbal,2
Cellucor,330g,1
Cellucor,270g,1
Celsius,355ml,14
Celsius,355 Millilitre,3
Celsius,Kiwi Guava355 Millilitre,1
Central Dairies,1l,5
Central Dairies,2l,4
Central Dairies,Central Dairies Chocolate Partly Skimmed 2% Milk,1
Central Dairies,500ml,1
Central Dairies,473ml,1
Century,180g,12
Cereals,Froot Loops Cereal 6 Inseam Lined Swim Trunks-Small (28-30),1
Cerebelly,120g,4
Ceres,1l,9
Ceres,1?l,6
Ceres,1 Litre,3
Certo,57g,1
Certo,170ml,1
Ceycan,350ml,1
Ceycan,3.65kg,1
Ceycan,3.653kg,1
Cha Cha,260g,2
Cha's Organics,400ml,10
Cha's Organics,100g,2
ChaCha,260g,4
ChaCha,182g,1
ChaCheer,260g,3
ChaCheer,260G,1
Chalkers,Pork Riblets 2 kg pail,1
Chalkers,Pork Fatback - random weight,1
Chalkers,Cured Trimmed Beef Plate 2kg,1
Chalkers,2kg,1
Chami Tea,Chami - 9 Teas of CHristmas,1
Champignon,340g,1
Champignon,200g,1
Champignons Sauvages,14g,4
Champignons Sauvages,10g,1
Chaokoh,520ml,5
Chaokoh,1l,3
Chaokoh,400ml,2
Chaokoh,350ml,1
Chaokoh,1 LITER,1
Chapman's,2l,21
Chapman's,2 Litre,21
Chapman's,8x55ml,8
Chapman's,500ml,6
Chapman's,500 Millilitre,6
Chapman's,1 Litre,6
Chapman's,8 Each,5
Chapman's,6 Each,4
Chapman's,28x50ml,4
Chapman's,1l,3
Chapman's,18 Each,3
Chapman's,12x120ml,3
Chapman's,12 Each,3
Chapman's,8x150ml,2
Chapman's,8x120ml,2
Chapman's,6x90ml,2
Chapman's,6x120ml,2
Chapman's,5 Each,2
Chapman's,4 Litre,2
Chapman's,1.5l,2
Chapman's,1.5 Litre,2
Chapman's,No Sugar Added4 Each,1
Chapman's,Lactose Free Vanilla with a chocolaty Coating & Almonds5 Each,1
Chapman's,Lactose Free Vanilla with a Chocolaty Coating5 Each,1
Chapman's,Cold Brew Coffee500 Millilitre,1
Chapman's,Chocolate & Vanilla4 Litre,1
Chapman's,5x140ml,1
Chapman's,50 Millilitre,1
Chapman's,4x120ml,1
Chapman's,28 Each,1
Chapman's,20x60ml,1
Chapman's,20 Each,1
Chapman's,120 Millilitre,1
Chapman's,1 Each,1
Chapman's Ice Cream,2l,31
Chapman's Ice Cream,8 x 55ml,9
Chapman's Ice Cream,12 x 120ml,8
Chapman's Ice Cream,8 x 120ml,4
Chapman's Ice Cream,5 x 140ml,4
Chapman's Ice Cream,28 x 50ml,4
Chapman's Ice Cream,6 x 90ml,3
Chapman's Ice Cream,8 x 150ml,2
Chapman's Ice Cream,6 x 120ml,2
Chapman's Ice Cream,20 x 60ml,2
Chapman's Ice Cream,18 x 75ml,2
Chapman's Ice Cream,7 x 90ml,1
Chapman's Ice Cream,4 x 120ml,1
Chapman's Ice Cream,1.5l,1
Chapmans,2l,72
Chapmans,500ml,15
Chapmans,8x55.0ml,12
Chapmans,12x120.0ml,10
Chapmans,8x120.0ml,9
Chapmans,1l,8
Chapmans,28x50.0ml,7
Chapmans,6x90.0ml,5
Chapmans,5x140.0ml,5
Chapmans,8x150.0ml,4
Chapmans,18x75.0ml,4
Chapmans,8ea,2
Chapmans,6x140.0ml,2
Chapmans,6x120.0ml,2
Chapmans,5x55.0ml,2
Chapmans,20x60.0ml,2
Chapmans,1400ml,2
Chapmans,12x12.0ea,2
Chapmans,120ml,2
Chapmans,4x120.0ml,1
Chapmans,1.5l,1
Charcuterie Charlevoisienne,250g,1
Charcuterie Parisienne,125g,1
Charles Chocolates,50g,1
Charlotte's,400g,5
Charlotte's,450g,3
Charlotte's,345 g total,3
Charlotte's,735g,2
Charlotte's,567g,2
Charlotte's,400 g total,2
Charlotte's,900g,1
Charlotte's,780g,1
Charlotte's,760g,1
Charlotte's,700g,1
Charlotte's,475g,1
Charlotte's,355 g total,1
Charlottes,475g,8
Charlottes,400g,4
Charlottes,133g,4
Charlottes,145g,3
Charlottes,750g,1
Charlottes,430g,1
Charms,60g,2
Charoen Pokphand,300g,5
Charoen Pokphand,350g,3
Charoen Pokphand,258g,2
Charoen Pokphand,0.25kg,2
Charoen Pokphand (CP),350g,1
Charoen Pokphand (CP),300g,1
Charras,350g,8
Charras,397g,1
Chata,430g Pouch,1
Chata,250g pouch,1
Chata,250g Pouch,1
Chateau Thierry,500ml,6
Chatman's,510g,1
Chatman's,500g,1
Chauss¨¦e aux Moines,230g,1
Chavroux,150g,2
Chebooktook,500g,1
Cheemo,907g,21
Cheemo,815g,6
Cheemo,2kg,6
Cheemo,745g,2
Cheemo,330g,1
Cheerios,300g,5
Cheerios,516g,2
Cheerios,430g,2
Cheerios,420g,2
Cheerios,350g,2
Cheerios,317g,2
Cheerios,778g,1
Cheerios,725g,1
Cheerios,585g,1
Cheerios,570g,1
Cheerios,411g,1
Cheerios,342g,1
Cheerios,309g,1
Cheerios,306g,1
Cheerios,2 x 1kg,1
Cheerios,1.3kg,1
Cheers,Cheers 100Pcs Empty Disposable Drawstring Non-Woven Fabric Tea Herb Filter Bag Pouch,1
Cheery Chews,160g,5
Cheetos,285g,14
Cheetos,170g,13
Cheetos,180g,10
Cheetos,640g,8
Cheetos,390g,8
Cheetos,268g,8
Cheetos,81g,5
Cheetos,260g,5
Cheetos,45g,4
Cheetos,54g,3
Cheetos,241g,3
Cheetos,230g,3
Cheetos,227g,3
Cheetos,102g,3
Cheetos,75g,2
Cheetos,164g,2
Cheetos,White Cheddar240g,1
Cheetos,Minis Cheddar102g,1
Cheetos,Flamin' Hot285g,1
Cheetos,Cheesy Jalapeo164g,1
Cheetos,Cheddar180g,1
Cheetos,Cheddar Jalapeno180g,1
Cheetos,Bold & cheesy170g,1
Cheetos,48g,1
Cheetos,241GM,1
Cheetos,240g,1
Cheetos,227GM,1
Cheetos,170 g.,1
Cheetos,170 GM,1
Cheetos,164 GM,1
Cheetos,102 g.,1
Cheetos.,640 g.,2
Cheetos.,268 g.,1
Cheez It,200g,2
Cheez It,Original Family Size352g,1
Cheez It,Double Cheese213g,1
Cheez Whiz,900g,4
Cheez Whiz,450g,4
Cheez Whiz,250g,1
Cheez-It,200g,19
Cheez-It,213g,11
Cheez-It,191g,11
Cheez-It,Made with real cheese,6
Cheez-It,352g,2
Cheez-It,CHZIT WHT CHDR CRCKR 200GMX12,1
Cheez-It,CHZIT DBL TSTD CRCKR 200GMX12,1
Chef Bombay,350g,5
Chef Bombay,240g,3
Chef Bombay,354g,1
Chef Bombay,300g,1
Chef Bombay,290g,1
Chef Boyardee,425g,29
Chef Boyardee,418g,5
Chef Boyardee,1.13kg,4
Chef Boyardee,Pack of 83.4kg,2
Chef Frankie,420g,2
Chef Frankie,6 bagels,1
Chef Frankie,480g,1
Chef Frankie,480 g total,1
Chef Gusto,198g,3
Chef Lelarge,42g,1
Chef Lelarge,28g,1
Chef Lelarge,105ml,1
Chef Master,454g,1
Chef Nassim,10 lb,1
Chef Pasquale,700ml,2
Chef Shuo,595G,1
Chef Tzali,340g,13
Chef Tzali,454g,6
Chef Tzali,Gefilte Fish KFP,1
Chef Tzali,Falafel Balls Heat & Serve,1
Chef Tzali,Chef Tzali Gefilte Fish KFP 565g,1
Chef Tzali,565g,1
Chef Woo,71g,3
Chef Woo,85g,2
Chef Woo,Sweet Chili Torgarashi71g,1
Chef Woo,Spicy Tequila Lime71g,1
Chef Woo,Roasted Chicken71g,1
Chef Woo,Braised Beef71g,1
ChefBento,500g,1
ChefMaster,454g,1
Chefs Delight,454g,1
Chelsea,454g,6
Chelsea,908g,3
Chelsea,400g,2
Chelsea,,1
Cherries,Candied450g,3
Cherry Tomatoes,284g,1
Chester,318g,1
Chester's,150g,7
Chester's,140g,5
Chevalier,1 piece,1
Chevrai,300g,1
Chevretine,170g,1
Chewy,800g,1
Chewy,640g,1
Chewy,4x200.0g,1
Chex,340g,2
Chex,360g,1
Chex,354g,1
Chex,345g,1
Chicago 58,600g,1
Chicago 58,450g,1
Chicago 58,$29.90/1kg,1
Chicago 58,$26.90/1kg,1
Chick Boy,100g,3
Chick Peas,Bulk100g,1
Chick Peas,Bulk1 Pound,1
Chickapea,227g,13
Chickapea,198g,8
Chickapea Pasta,1 Each,2
Chickapea Pasta,Garlicky Goodness198g,1
Chicken Brand,Canned guava flavoured drink,1
Chicken Brand,75g,1
Chicken Brand,1.5l,1
Chickumi,270g,2
Chickumi,400g,1
Chief,85g,5
Chief,40g,3
Chief,750ml,1
Chief,300ml,1
Child's Play,1.3kg,1
China Lily,483ml,1
China Lily,483 Millilitre,1
Ching's,240g,6
Ching's,170ml,4
Ching's,50g,3
Ching's,250g,2
Ching's,MANCHURIAN NOODLES,1
Ching's,E-AL PREMIUM HOT GARLIC NOODLES,1
Ching's,CHINGS HOT GARLIC,1
Ching's,225ml,1
Chip Ahoy!,290g,1
Chips Ahoy!,460g,6
Chips Ahoy!,453g,5
Chips Ahoy!,258g,5
Chips Ahoy!,200g,4
Chips Ahoy!,408g,3
Chips Ahoy!,637g,2
Chips Ahoy!,457g,2
Chips Ahoy!,290g,2
Chips Ahoy!,271g,2
Chips Ahoy!,253g,2
Chips Ahoy!,251g,2
Chips Ahoy!,156g,2
Chips Ahoy!,4x125ml,1
Chips Ahoy!,340g,1
Chips Ahoy!,281g,1
Chivers,340g,3
Chivers,320g,1
Chiwis,50g,2
Chobani,Chobani Vanilla Chai,1
ChocXO,98g,16
ChocXO,28g,3
ChocXO,100g,2
Chocolate,Dark100g,1
Chocolate,Bulk100g,1
Chocolate,100g,1
Chocolats Favoris,950g,5
Chocolats Favoris,85g,4
Chocolats Favoris,340g,2
Chocolats Favoris,215g,2
Chocolats Favoris,250g,1
Chocolats Favoris,210g,1
Chocolisto,300g,1
Cholula,150ml,14
Cholula,325ml,4
Cholula,28g,4
Cholula,150 Millilitre,4
Cholula,Uncap Real Flavour,1
Cholula,Jalapeno & Poblano150 Millilitre,1
Cholula,CHOLULA SCE GREEN PEPPER HOT,1
Cholula,CHOLULA CHIPOTLE HOT SAUCE,1
Chosen Foods,237ml,8
Chosen Foods,750ml,6
Chosen Foods,355ml,3
Chosen Foods,237 Millilitre,3
Chosen Foods,140ml,3
Chosen Foods,134g,3
Chosen Foods,750 Millilitre,2
Chosen Foods,383g,2
Chosen Foods,332ml,2
Chosen Foods,250ml,2
Chosen Foods,Original355 Millilitre,1
Chosen Foods,710ml,1
Chosen Foods,332 Millilitre,1
Chosen Foods,250 Millilitre,1
Christie,200g,58
Christie,180g,43
Christie,145g,35
Christie,261g,22
Christie,100g,20
Christie,240g,15
Christie,150g,13
Christie,400g,12
Christie,300g,12
Christie,303g,11
Christie,900g,10
Christie,350g,10
Christie,460g,9
Christie,520g,6
Christie,482g,6
Christie,453g,6
Christie,450g,6
Christie,290g,6
Christie,270g,6
Christie,258g,6
Christie,251g,6
Christie,305g,5
Christie,6 Each,4
Christie,500g,4
Christie,454g,4
Christie,320g,4
Christie,283g,4
Christie,175g,4
Christie,156g,4
Christie,1.4kg,4
Christie,8 Each,3
Christie,481g,3
Christie,439g,3
Christie,386g,3
Christie,374g,3
Christie,271g,3
Christie,253g,3
Christie,225g,3
Christie,212g,3
Christie,185g,3
Christie,Original180g,2
Christie,Original Party Size637g,2
Christie,Original Flavour145g,2
Christie,Mini Cheddar Cheese Nibs Snak Paks6 Each,2
Christie,Family Size439g,2
Christie,6x30.0g,2
Christie,685g,2
Christie,637g,2
Christie,530g,2
Christie,488g,2
Christie,457g,2
Christie,440g,2
Christie,436g,2
Christie,354g,2
Christie,342g,2
Christie,304g,2
Christie,281g,2
Christie,224g,2
Christie,12 Each,2
Christie,10x27.0g,2
Christie,1.5l,2
Christie,1 Each,2
Christie,Variety 20 Pack1 Each,1
Christie,Swiss Cheese180g,1
Christie,Sour Cream & Onion240g,1
Christie,Sociables180g,1
Christie,Smokey Bacon Flavour Crackers145g,1
Christie,Salt & Vinegar Flavour Crackers145g,1
Christie,Real Cheddar Cheese180g,1
Christie,Ranch Flavour Cracker145g,1
Christie,Party Size900g,1
Christie,Original350g,1
Christie,Original240g,1
Christie,Mini Original200g,1
Christie,Low Sodium180g,1
Christie,Limited Edition303g,1
Christie,Limited Edition261g,1
Christie,Limited Edition180g,1
Christie,Honey150g,1
Christie,Fiery Jalapeno Flavour Crackers145g,1
Christie,Family Size436g,1
Christie,Double Stuf Gluten Free353g,1
Christie,Dill Pickle Flavour Crackers145g,1
Christie,Dark Chocolate287g,1
Christie,Chocolate Chip12 Each,1
Christie,Chocolate Chip Soft Cookies6 Each,1
Christie,Chewy Confetti Cake Flavour408g,1
Christie,Cheddar240g,1
Christie,Cheddar Flavoured180g,1
Christie,Cheddar Flavour145g,1
Christie,Brownie6 Each,1
Christie,Banana Bread6 Each,1
Christie,All Dressed Flavour Crackers Family Size240g,1
Christie,All Dressed Flavour Cracker145g,1
Christie,72ml,1
Christie,408g,1
Christie,300 g.,1
Christie,300 G,1
Christie,215g,1
Christie,20 Pack1 Each,1
Christie,125 Millilitre,1
Christie,116g,1
Christie,113g,1
Christie,10 Each,1
Christie,1.8kg,1
Christie,1.275kg,1
Chrsitie,150g,1
Chuank,CHUANK Seasoning Box 4 Grids Dustproof Easy to Refill Spice Dispenser Condiment Container for Sugar Restaurant Dining Room Home Clear,1
Chubby,250ml,12
Chuck Hughes,375ml,6
Chudleigh's,2 un - 228g,3
Chudleigh's,870g,1
Chudleigh's,290g,1
Chudleigh's,1kg,1
Chunks Ahoy!,251g,2
Chunks Ahoy!,255g,1
Chupa Chups,300g,3
Chupa Chups,ChupaChups SurpriseToy Minions,1
Ch? Thier,500ml,1
Ch?teau Thierry,500ml,2
Ciao bakery&deli,9g,1
Cidrerie St-Nicolas,750ml,2
Cilantro,Bunch1 Each,1
Cimo,250g,1
Cineplex,255g,2
Cinnabon,CB Frsd Cinnaring,1
Cinnabon,CB Frsd Cinnapstry,1
Cinnabon,CB Frsd Cinna Swirls,1
Cinnabon,450g,1
Cinnabon,247g,1
Cinnamon Toast Crunch,368g,1
Cinnamon Toast Crunch,830g,1
Cinnamon Toast Crunch,591g,1
Cinnamon Toast Crunch,354g,1
Cinnamon Toast Crunch,349g,1
Cinnamon Toast Crunch,340g,1
Cinnamon Toast Crunch,303g,1
Cinnaroll,630g,1
Cirio,400g,2
Cirio,1.00l,2
Cirio,796ml,1
Cirio,700ml,1
Cirio,680ml,1
Cister,Chickpeas,1
City Bread,480g,2
Clairol,NO Ammonia or added parabens.,1
Clark,398ml,9
Classico,650ml,36
Classico,600ml,29
Classico,410ml,28
Classico,218ml,4
Classico,Classico Di Lombardia Ros¨¦e,2
Classico,Alfredo Pasta Sauce,2
Classico,Tomato & Pesto Pasta Sauce,1
Classico,Tomato & Basil Pasta Sauce,1
Classico,Spinach & Cheese Pasta Sauce,1
Classico,Spicy Red Pepper,1
Classico,Roasted Portobello Mushrooms,1
Classico,Peppers & Onions Spaghetti Pasta Sauce,1
Classico,Garlic & Onion Pasta Sauce,1
Classico,Four Cheese Pasta Sauce,1
Classico,Four Cheese Alfredo,1
Classico,Fire Roasted Tomato & Garlic,1
Classico,Classico Tomato & Pesto Spaghetti Pasta Sauce,1
Classico,Classico Tomato & Four Cheese 600ml,1
Classico,Classico Tomato & Basil 600ml,1
Classico,Classico Sweet Basil Marinara Spaghetti Pasta Sauce,1
Classico,Classico Roasted Portobello Mushrooms Spaghetti Pasta Sauce,1
Classico,Classico Roasted Garlic & Onion Spaghetti Pasta Sauce,1
Classico,Classico Marinara 600ml,1
Classico,Classico Di Molise Pasta Sauce,1
Classico,Classico Di Bologna Bolognese,1
Classico,Classico Di Basilicata Italian,1
Classico,Classico Bolognese Spaghetti Pasta Sauce,1
Classico,Classico Bolognese Sauce 600ml,1
Classico,Classico Alfredo & Roasted Garlic Spaghetti Pasta Sauce,1
Classico,Basil Marinara Pasta Sauce,1
Clean,375g,6
Clear Ocean,,1
Clearly Canadian,325ml,6
Clearwater,400g,1
Cleopatra,4.534kg,1
Clever,355 Millilitre,3
Clever Mocktails,355ml,2
CliC,LIGHT RD BEANS,1
CliC,E-CLIC BAS AJVAR VEG SPREAD,1
Clic,907g,38
Clic,540ml,10
Clic,2kg,8
Clic,500g,6
Clic,796ml,2
Clic,398ml,2
Clic,0.907kg,2
Clic,600ml,1
Clic,500ml,1
Clic,454g,1
Clic,250g,1
Clic,0.908kg,1
Clif,68g,23
Clif,281g,3
Clif,50g,2
Clif,410g,2
Clif,340g,2
Clif,1.3kg,2
Clif,0.07kg,2
Clif,6x68.0g,1
Clif,5x36g,1
Clif,408g,1
Clif,12x68g,1
Clif,1088g,1
Clif Bar,12x68g,16
Clif Bar,68g,13
Clif Bar,12 x 68g,10
Clif Bar,68 g (Pack of 6),6
Clif Bar,6x68g,4
Clif Bar,16x68g,3
Clif Bar,68 g (Pack of 12),2
Clif Bar,5x36g,2
Clif Bar,50g,2
Clif Bar,4 x 50g,2
Clif Bar,36 g (Pack of 12),2
Clif Bar,12x50g,2
Clif Bar,10x28g,2
Clif Bar,CLIF Thins White Chocolate Macadamia Nut 7CT,1
Clif Bar,CLIF Thins Chocolate Chip 7CT,1
Clif Bar,50 g (Pack of 12),1
Clio LLC,Greek Yogurt Bar Vanilla,1
Clio LLC,Greek Yogurt Bar Strawberry,1
Clio LLC,Greek Yogurt Bar Chocolate,1
Clover,155g,2
Clover Leaf,85g,48
Clover Leaf,170g,37
Clover Leaf,142g,18
Clover Leaf,106g,17
Clover Leaf,213g,14
Clover Leaf,160g,11
Clover Leaf,227g,8
Clover Leaf,120g,8
Clover Leaf,90g,6
Clover Leaf,99g,5
Clover Leaf,3x80g,3
Clover Leaf,240g,3
Clover Leaf,236ml,3
Clover Leaf,150g,3
Clover Leaf,Tuna Salad Corn & OO 160g,2
Clover Leaf,78g,2
Clover Leaf,142ml,2
Clover Leaf,Tuna Salad Quinoa & OO 160g,1
Clover Leaf,Tuna Salad Couscous & OO 160g,1
Clover Leaf,6 x 170g,1
Clover Leaf,3 x 170g,1
Club Des Millionnaires,124g,1
Club Des Millionnaires,100g,1
Club House,25g,60
Club House,35g,39
Club House,43ml,23
Club House,24g,21
Club House,28g,20
Club House,32g,19
Club House,40g,17
Club House,120g,17
Club House,165g,16
Club House,42g,15
Club House,1un,15
Club House,135g,15
Club House,37g,13
Club House,45g,12
Club House,43 Millilitre,11
Club House,38g,11
Club House,20g,11
Club House,170g,10
Club House,125g,10
Club House,65g,9
Club House,39g,9
Club House,33g,9
Club House,30g,9
Club House,168g,9
Club House,141g,9
Club House,131g,9
Club House,125ml,9
Club House,116g,9
Club House,110g,9
Club House,47g,8
Club House,43g,8
Club House,21g,8
Club House,160g,8
Club House,81g,7
Club House,70g,7
Club House,28ml,7
Club House,27g,7
Club House,220g,7
Club House,825g,6
Club House,62g,6
Club House,178g,6
Club House,157g,6
Club House,152g,6
Club House,145g,6
Club House,11g,6
Club House,115g,6
Club House,105g,6
Club House,36g,5
Club House,34g,5
Club House,284g,5
Club House,248g,5
Club House,23g,5
Club House,227g,5
Club House,203g,5
Club House,200ml,5
Club House,188g,5
Club House,181g,5
Club House,171g,5
Club House,150g,5
Club House,148g,5
Club House,138g,5
Club House,130g,5
Club House,119g,5
Club House,100g,5
Club House,90g,4
Club House,60g,4
Club House,580g,4
Club House,57g,4
Club House,50g,4
Club House,44ml,4
Club House,212g,4
Club House,190g,4
Club House,161g,4
Club House,144g,4
Club House,142g,4
Club House,140g,4
Club House,13g,4
Club House,136g,4
Club House,134g,4
Club House,123g,4
Club House,122g,4
Club House,102g,4
Club House,64g,3
Club House,46ml,3
Club House,44g,3
Club House,350ml,3
Club House,350 Millilitre,3
Club House,18g,3
Club House,155g,3
Club House,14g,3
Club House,143g,3
Club House,127g,3
Club House,125 Millilitre,3
Club House,96g,2
Club House,675g,2
Club House,660g,2
Club House,540g,2
Club House,53g,2
Club House,510g,2
Club House,28?g,2
Club House,172g,2
Club House,111g,2
Club House,Vegetable148g,1
Club House,Steak Spice Salt-Free130g,1
Club House,Spicy Pepper Medley150g,1
Club House,Smoky Ranchero135g,1
Club House,Smoked Paprika & Onion171g,1
Club House,Rotisserie Chicken Seasoning161g,1
Club House,Montreal Steak Spice188g,1
Club House,Montreal Chicken170g,1
Club House,Hot+Ranch165g,1
Club House,Hot+Honey170g,1
Club House,Hot+Cheesy145g,1
Club House,Hero of the Grill,1
Club House,Guacamole Spicy20g,1
Club House,Guacamole Classic20g,1
Club House,Gracked Pepper & Garlic171g,1
Club House,Garlic & Crushed Herbs155g,1
Club House,Chipotle Mango160g,1
Club House,Chicken28g,1
Club House,Brown Sugar Bourbon178g,1
Club House,Brazilian Style BBQ120g,1
Club House,Beef28g,1
Club House,Barbecue Chicken203g,1
Club House,All Purpose172g,1
Club House,780g,1
Club House,735g,1
Club House,700g,1
Club House,625g,1
Club House,525g,1
Club House,500ml,1
Club House,490g,1
Club House,48g,1
Club House,46 Millilitre,1
Club House,450g,1
Club House,42?g,1
Club House,31g,1
Club House,3 Bottles: Red Yello Blue44.36 Millilitre,1
Club House,3 Bottles: Pink Green Blue44.36 Millilitre,1
Club House,28 Millilitre,1
Club House,270g,1
Club House,250 Millilitre,1
Club House,12g,1
Club House,117g,1
Club House,10g,1
Club House La Grille,157g,1
Club des Millionnaires,124g,2
Club des Millionnaires,106g,2
Clubhouse,293 Millilitre,1
Cl¨¦ment Le Gourmand,560g,1
Coaticook,2l,11
Coaticook,1.5l,3
Coaticook,1l,2
Coaticook,50g,1
Coca Cola,12x355ml,8
Coca Cola,500ml,7
Coca Cola,6x222ml,5
Coca Cola,355ml,3
Coca Cola,4x355ml,2
Coca Cola,8x300ml,1
Coca Cola,414ml,1
Coca-Cola,500ml,29
Coca-Cola,12x355.0ml,18
Coca-Cola,12x355ml,15
Coca-Cola,6x222.0ml,12
Coca-Cola,2l,10
Coca-Cola,12 Each,9
Coca-Cola,8x300.0ml,8
Coca-Cola,355ml,8
Coca-Cola,6x222ml,7
Coca-Cola,6x710.0ml,6
Coca-Cola,6 Each,6
Coca-Cola,4x355ml,6
Coca-Cola,8x300ml - mini bottles,5
Coca-Cola,24x355.0ml,5
Coca-Cola,1l,5
Coca-Cola,6x710ml,4
Coca-Cola,4 x 355,4
Coca-Cola,2?l,4
Coca-Cola,2 Litre,4
Coca-Cola,1?l,4
Coca-Cola,8x300ml,3
Coca-Cola,8 Each,3
Coca-Cola,6 x 222ml,3
Coca-Cola,500 Millilitre,3
Coca-Cola,4x355.0ml,3
Coca-Cola,12 x 355ml,3
Coca-Cola,1 Litre,3
Coca-Cola,We¡¯re combining the best traits of Coca-Cola Zero Sugar and Oreo to help you find a new friend with all the flavor. Taste it while it lasts!,2
Coca-Cola,6 x 710ml,2
Coca-Cola,500ml Bottle,2
Coca-Cola,414ml,2
Coca-Cola,300mlx8,2
Coca-Cola,20 Each,2
Coca-Cola,1 Each,2
Coca-Cola,6x237ml,1
Coca-Cola,6x237.0ml,1
Coca-Cola,6X222ml,1
Coca-Cola,4 x 237ml,1
Coca-Cola,355ml Cans20 Each,1
Coca-Cola,355 Millilitre,1
Coca-Cola,355 Milligram,1
Coca-Cola,310ml,1
Coca-Cola,1L Bottle,1
Coca-Cola,12 x 355,1
Cock,700ml,2
Cock,650ml,2
Cock,565g,2
Cock,400g,2
Cock,290ml,2
Cock,200ml,2
Cock,720ml,1
Cock,565ml,1
Cock,540ml,1
Cock,530ml,1
Cock,454g,1
Cock,227g,1
Cock Brand,454 Grams,1
Cock Brand,3.00 - 5.00kg,1
Coco,6un,1
Coco Bakery,384g,1
Coco Real,595g,2
Coco-Cola,355 Millilitre,1
Cocoa,Bulk100g,1
Cocoa Camino,225g,4
Cocoa Camino,224g,2
Cocoa Camino,100g,2
Cocon,708g,3
Cocon,775g,2
Cocon,Pack Size: 118g x 6,1
Coconut,100g,2
Coconut Love,vegan friendly,1
Coconut Love,150g,1
Coconut Secret,500ml,1
Coconut Secret,350ml,1
Coconut Tree,900g,1
Coconut Tree,454g,1
Cod,Summer Herb Crusted330g,1
Cod,Previously Frozen150g,1
Cod,Potato Crusted330g,1
Coffee Crisp,CRISP Double Double Wafer Bar (50 g),1
Coffee Crisp,75 GR,1
Coffee Crisp,50 grams,1
Coffee Crisp,42g,1
Coffee Crisp,170g,1
Coffee Mate,425g,2
Coffee Mate,1.4kg,1
Coffee Rich,1kg,1
Coffee-Mate,0.9l,4
Coffee-Mate,946ml,3
Coffee-Mate,828ml,2
Coffee-Mate,450g,2
Coffee-Mate,450 GR,2
Coffee-Mate,425g,2
Coffee-Mate,425 GR,2
Coffee-Mate,1.9l,2
Coffee-Mate,1.89 LT,2
Coffee-Mate,1.4kg,2
Coffee-Mate,Double Double-mate Liquid Coffee Enhancer,1
Coffee-Mate,828g,1
Coffee-Mate,1400 GR,1
Colavita,500ml,8
Colavita,750ml,6
Colavita,1l,3
Colavita,750 Millilitre,1
Colavita,3l,1
Colaxi,10ml,1
Colcafe,100g,2
Coleman,113g,1
Colgin,118ml,4
Colla,Round Slice200g,1
Collatio,907g,1
Collection P.Moisson,1un,1
Collier's,200g,2
Collier's,250g,1
Colussi,500g,2
Colussi,400g,2
Comme ma m¨¨re,200g,2
Commensal,260g,3
Commensal,Commensal Vegetable Veloute Soup,1
Commensal,300g,1
Commensal,280g,1
Compal,1l,8
Compal,200ml,6
Compal,sell quantity 1lt sold individually,3
Compal,sell quantity 200ml glass bottle,1
Compass,1kg,4
Compass,200g,3
Compass,140g,3
Compass,170g,2
Compass,120g,2
Compass,790g,1
Compass,500g,1
Compass,375g,1
Compass,300g,1
Compass,2kg,1
Compass,28g,1
Compass,100g,1
Compass,1.3kg,1
Compliments,250g,5
Compliments,454g,4
Compliments,500g,3
Compliments,850g,2
Compliments,675g,2
Compliments,427g,2
Compliments,638g,1
Compliments,600g,1
Compliments,284g,1
Compliments,12 per pack,1
Compliments,1.7kg,1
Conchita,400g,2
Conchita,CONCHITA GUAVA PASTE,1
Concord,35g,1
Concord Foods,31.4g,1
Conestoga,12un,3
Conestoga,6un,2
Conestoga,280g,1
Conestoga,18un,1
Conestoga Brand,12 per pack,1
Conestoga Eggs,18ea,4
Conestoga Eggs,12ea,1
Conestoga Farms,12 per pack,3
Conestoga Farms,6 per pack,2
Conestoga Farms,12un,2
Conestoga Farms,12 Count,2
Conestoga Farms,18 per pack,1
Conestoga Farms,12 count,1
Confeitaria Vale,250g,1
Confiserie Regal,1lb,1
Continental,CONTINENTAL : GRAND PRIX 5000 : TRANSPARENT : 700 X 28,1
Continental,$68.32/1kg $31.00/1lb,1
Continental,$57.30/1kg $26.00/1lb,1
Continental,$44.07/1kg $20.00/1lb,1
Continental,$39.66/1kg $17.99/1lb,1
Continental,$28.64/1kg $12.99/1lb,1
Coofit,Coofit Artificial French Bread Long - Fake Baguette Simulation Food Prop for Kitchen,1
Cook's,454g,1
Cookie,Birthday Cake100g,1
Cookie,1 Each,1
Cookie Bluff,Cookies & Cream,1
Cookie Bluff,400g,1
Cookie Bluff,400G,1
Cookie Bluff,400 G,1
Cookie Pop,149g,1
Cookie it Up,140g,6
Cookie it Up,170g,5
Cooks,454g,3
Cooks,$8.80/1kg $3.99/1lb,2
Cooks,$6.59/1kg $2.99/1lb,2
Cooks,$11.00/1kg $4.99/1lb,2
Cooks,$5.49/1kg $2.49/1lb,1
Cooks,$4.34/1kg $1.97/1lb,1
Cooks,$10.34/1kg $4.69/1lb,1
Cool,465ml,1
Cool,350ml,1
Cool Runnings,473ml,12
Cool Runnings,50g,7
Cool Runnings,750ml,6
Cool Runnings,900g,5
Cool Runnings,800g,5
Cool Runnings,75g,5
Cool Runnings,500g,5
Cool Runnings,300g,5
Cool Runnings,250ml,5
Cool Runnings,200g,5
Cool Runnings,355ml,4
Cool Runnings,350ml,4
Cool Runnings,500ml,3
Cool Runnings,400ml,3
Cool Runnings,148ml,3
Cool Runnings,850g,2
Cool Runnings,800 grams,2
Cool Runnings,66g,2
Cool Runnings,60g,2
Cool Runnings,380g,2
Cool Runnings,360g,2
Cool Runnings,350g,2
Cool Runnings,250g,2
Cool Runnings,Coconut Water - 500ml,1
Cool Runnings,COOL RUNNINGS SWEETENER WHITENER,1
Cool Runnings,90g,1
Cool Runnings,900 grams,1
Cool Runnings,880g,1
Cool Runnings,465ml,1
Cool Runnings,40g,1
Cool Runnings,380g 13.4oz,1
Cool Runnings,380 grams,1
Cool Runnings,360g 20 Sachets,1
Cool Runnings,340g,1
Cool Runnings,330g,1
Cool Runnings,320g,1
Cool Runnings,30g,1
Cool Runnings,300 grams,1
Cool Runnings,284g,1
Cool Runnings,260g,1
Cool Runnings,250g 8.8oz,1
Cool Runnings,225g,1
Cool Taste,500ml,5
Cool Way,500ml,4
Cool Way,3x88ml,2
Cool Whip,1l,6
Cool&Simple,500g,2
Cool&Simple,600g,1
Cool&Simple,480g,1
Coolway,Volume 500ml,4
Coolway,500ml,4
Coolway,Volume - 3 Bars x 88ml,3
Coombe,150g,2
Coombe,170g,1
Coombe Castle,150g,10
Coombe Castle,200g,5
Coombe Castle,170g,1
Coombe Castle,120g,1
Coombe Castle,1 piece,1
Coombe Castle,,1
Coors,6x473.0ml,2
Coors,473ml,2
Coors,12x355.0ml,2
Coors,6x355.0ml,1
Coors,24x355.0ml,1
Coors,12x355ml - cans,1
Coppenrath,400g,1
Copper Branch,400g,3
Copper Branch,385g,1
Cora,700g,4
Cora,Cora plain crepe mx 700g,1
Cordon Bleu,410g,2
Core Power,414ml,13
Core Power,414 Millilitre,1
Corinthians,550g,2
Corinthians,227g,2
Corn,Fresh1 Each,1
Corn Chips,Bulk100g,1
Corn Flakes,600g,1
Corn Flakes,575g,1
Corn Flakes,340g,1
Corn Nuts,200g,4
Corn Nuts,Ranch100g,1
Corn Nuts,OriginalBulk100g,1
Corn Nuts,Corn Nuts Original 48gr,1
Corn Nuts,Bulk100g,1
Corn Nuts,BBQ Flavour Corn Nuts,1
Corn Pops,730g,1
Corn Pops,515g,1
Corn Pops,320g,1
Cornitos,Tikka Masala55g,1
Cornitos,Sweet Chilli55g,1
Cornmeal,Bulk100g,1
Corona,6x330.0ml,3
Corona,500g,3
Corona,12x355.0ml,2
Corona,6x330ml,1
Corona,6 Each,1
Corona,473ml,1
Corona,250g,1
Corona,12x355ml,1
Corona,12 Each,1
Corona Sunbrew,Corona Sunbrew 12x355ml Cans,1
Corona Sunbrew,6 x 330ml,1
Corso's,70g,1
Cortas,370g,2
Cortas,400g,1
Cortas,380g,1
Cosmic crisp,Sold individually,1
Costwax,Powder Spreading Bot,2
Costwax,Costwax Clearance Sales Today Deals Prime Ice Cream Food Grade Home Children's Homemade Ice Cream Refrigerator Popsicle Popsicle Ice Cream Popsicle,1
Country Classic,1.36kg,3
Country Crock,427g,3
Country Crock,850g,2
Country Harvest,600g,47
Country Harvest,450g,13
Country Harvest,650g,4
Country Harvest,6 Each,4
Country Harvest,error,1
Country Time,48ml,4
Country Time,48 Millilitre,3
Country Time,6 Each,2
Country Time,500 Millilitre,2
Country Time,2kg,2
Country Time,85g,1
Countryside Farms,Countryside Extra Large White Eggs,1
County Harvest,600g,3
County Harvest,450g,2
Couscous,Bulk100g,1
Cove,355ml,3
Cove,4 x 355ml,2
Covered Bridge,170g,7
Covered Bridge,125g,3
Covered Bridge,120g,3
Covered Bridge,200g,1
Covered Bridge,142g,1
Covered Bridge Potato Chips,E-COVERED BRIDGE SWEET N' SALTY,1
Covered Bridge Potato Chips,E-COVERED BRIDGE SEA SALT & VINEGAR,1
Covered Bridge Potato Chips,E-COVERED BRIDGE CREAMY DIll,1
Cowboy,680g,1
Cows Creamery,180g,2
Cows Creamery,50g,1
Coyote,900g,2
Coyote,Chocolate Chip Cookie Dough8 Each,1
Cp,350g,2
Cp,258g,1
Cracked Canoe,6x473.0ml,1
Cracker Barrel,320g,44
Cracker Barrel,400g,27
Cracker Barrel,240g,23
Cracker Barrel,200g,19
Cracker Barrel,220g,14
Cracker Barrel,168g,8
Cracker Barrel,600g,7
Cracker Barrel,740g,5
Cracker Barrel,349g,4
Cracker Barrel,590g,3
Cracker Barrel,3x43g,3
Cracker Barrel,300g,3
Cracker Barrel,250g,3
Cracker Barrel,8 Each,2
Cracker Barrel,360g,2
Cracker Barrel,180g,2
Cracker Barrel,650g,1
Cracker Barrel,340g,1
Cracker Barrel Cheese,400g,14
Cracker Barrel Cheese,320g,12
Cracker Barrel Cheese,11 Slices,5
Cracker Barrel Cheese,12 Slices,4
Cracker Barrel Cheese,3x43g,3
Cracker Barrel Cheese,Cracker Barrel Pizza Mozzarella 400G,1
Cracker Barrel Cheese,Cracker Barrel Old Cheddar Cheese Slices,1
Cracker Barrel Cheese,Cracker Barrel Old Cheddar Cheese,1
Cracker Barrel Cheese,Cracker Barrel Mozza Cheddar Light Shredded Cheese,1
Cracker Barrel Cheese,Cracker Barrel Medium Ched Colored 400G,1
Cracker Barrel Cheese,Cracker Barrel Marble Cheddar 400G,1
Cracker Barrel Cheese,Cracker Barrel Cheese Old Cheddar,1
Cracker Barrel Cheese,Cracker Barrel Cheese Medium Cheddar,1
Cracker Barrel Cheese,Cracker Barrel Cheddar Cheese Mild,1
Cracker Barrel Cheese,250g,1
Cracker Barrel Cheese,240g,1
Cracker Barrel Cheese,200g,1
Cracker Jack,200g,3
Cracker Jack,75g,2
Cracker Time,600g,1
Crafted Candy,Vegan Plant Based Peaches,1
Crafted Candy,Vegan Plant Based Cola Gummies,1
Crafted Candy,Vegan Plant Based Bears,1
Crafty Ramen,toppings. Ready in minutes.,3
Crafty Ramen,and satisfying toppings.,2
Crafty Ramen,520g,1
Crafty Ramen,500g,1
Crafty Ramen,150ml,1
Craig,800g,1
Craig,10 lb,1
Craize,113g,2
Cranberries,Bulk100g,2
Crank Coffee,340g,5
Crank Coffee Co.,340g,4
Crate 61,110g,5
Crave,300g,22
Crave,283g,11
Crave,312g,8
Crave,320g,7
Crave,255g,6
Crave,85g,5
Crave,79g,5
Crave,57g,5
Crave,200g,5
Crave,340g,4
Crave,300 g Box,4
Crave,284g,4
Crave,312 g Box,2
Crave,278g,2
Crave,540g,1
Crave,360g,1
Crawford's,100g,1
Crazy D's,355ml,4
Cream Of Wheat,350g,1
Cream Of Wheat,336g,1
Cream of Rice,397g,1
Cream of Wheat,800g,4
Cream of Wheat,Cream of Wheat Stove Top 3min,1
Cream of Wheat,Cream of Wheat Maple Brown Sg,1
Cream of Wheat,Cream Of Wheat Instant Cereals,1
Cream of Wheat,360g,1
Cream of Wheat,336g,1
Cream of Wheat,12 Each,1
Creamsicle,OrangeRaspberry and Blueberry12 Each,1
Creamsicle,12x60ml,1
Create A Treat,422g,3
Create A Treat,842g,2
Create A Treat,290g,2
Create A Treat,Create-A-Treat Sweet Heart Chocolaty Cookie Kit,1
Create A Treat,Create A Treat Beehive Cookie Kit,1
Create A Treat,719g,1
Create A Treat,677g,1
Create A Treat,460g,1
Create A Treat,411g,1
Create A Treat,389g,1
Create A Treat,297g,1
Create A Treat,1kg,1
Create-A-Treat,850g,1
Create-A-Treat,724g,1
Create-a-Treat,974g,1
Create-a-Treat,850g,1
Create-a-Treat,779g,1
Create-a-Treat,550g,1
Create-a-Treat,431g,1
Create-a-Treat,422g,1
Create-a-Treat,406g,1
Create-a-Treat,344g,1
Create-a-Treat,318g,1
Creemore Springs,12x355ml - cans,1
Cricut,Cricut infusible ink,2
Cricut,Cricut Iron On Vinyl HTV,2
Cricut,Smart Vinyl Removable Maize Yellow,1
Cricut,Smart Vinyl Permanent Shimmer Black VDRX 12 FT,1
Cricut,Iron On Holo Miami Sampler 12X12(3),1
Cricut,Cricut Vinyl removable,1
Cricut,Cricut Vinyl Permanent,1
Cricut,Cricut Smart Vinyl,1
Cricut,Cricut Smart Iron on,1
Cricut,Cricut Joy Insert Cards Fingerpaint,1
Cricut,Cricut Iron on,1
Cricut,Cricut Iron On,1
Cricut,5 sheets 5.5¡± x 12¡±,1
Cricut,"4 sheets 12"" x 12""",1
Cricut,4 coaster blanks,1
Cricut,(5) weeding tools,1
Crisco,454g,9
Crisco,1.36kg,3
Crisco,567g,2
Crisco,1.18l,2
Crisco,1.18 Litre,2
Crisco,Crisco Golden Shortening,1
Crisco,473 Millilitre,1
Crisco,3.78 Litre,1
Crispers,145g,16
Crispers,240g,3
Crispy,750g,11
Crispy,500g,8
Crispy,368g,6
Crispy,0.368kg,6
Crispy,Sliced Pound Cake,5
Crispy,350g,5
Crispy,0.35kg,5
Crispy,200g,4
Crispy,400g,3
Crispy,650g,2
Crispy,550g,2
Crispy,360g,2
Crispy,300G/ 6 Count,2
Crispy,280g,2
Crispy,142g,2
Crispy,1.1kg,2
Crispy,0.3kg,2
Crispy,Round shape Mini Naan,1
Crispy,Plain Naan comes in packs of 10 naans,1
Crispy,Crispy Just Baked! Parmesan And Garlic Baguette Crisps,1
Crispy,Cookie with Almond & Honey,1
Crispy,Cake Rusk,1
Crispy,Almond Honey Shortbread Cookies,1
Crispy,750G/ 15 Count,1
Crispy,750G /15 Count,1
Crispy,750G,1
Crispy,585g,1
Crispy,426g,1
Crispy,400G,1
Crispy,380g,1
Crispy,380G,1
Crispy,350 G,1
Crispy,300g,1
Crispy,300G / 6Count,1
Crispy Minis,90g,2
Crock Pot,42g,6
Crock-Pot,42g,3
Crofter's,383ml,24
Crofter's,383 Millilitre,2
Crofter's,235ml,2
Croley Foods,250g,2
Croley Foods,Crackers Ensaymada Flavor,1
Crosby,675g,4
Crosby's,675g,4
Crosby's,675 g Format,1
Crosbys,454g,1
Cross Rib,1.74kg,1
Crosse & Blackwell,Original Pickle 6x360g,1
Crown,500g,14
Crown,340g,9
Crown,500ml,7
Crown,600g,6
Crown,410g,6
Crown,400g,6
Crown,170g,6
Crown,454g,4
Crown,453g,4
Crown,800g,3
Crown,400ml,3
Crown,120g,3
Crown,500 Millilitre,2
Crown,450g,2
Crown,348g,2
Crown,320g,2
Crown,284ml,2
Crown,200g,2
Crown,1kg,2
Crown,Crown Rugalech Cinnamon,1
Crown,Crown Babka Poppy Seed in Bag 500g,1
Crown,Crown Babka Cinnamon & Raisin in Bag 500g,1
Crown,Crown Babka Chocolate in Bag 500g,1
Crown,Crown Babka Chocolate & Walnut in Bag 500g,1
Crown,Crown Babka Choc & Vanilla in Bag 500g,1
Crown,Crown Babka Choc & Halva in Bag 500g,1
Crown,Crown Babka Choc & Almonds in Bag 500g,1
Crown,Bourekas,1
Crown,750g,1
Crown,375g,1
Crown,355g,1
Crown,300g,1
Crown,280g,1
Crown,1000g,1
Crown Deluxe,1.5kg,1
Crown Supreme,Crown Supreme l - Oil Cottonseed KFP 2.83l,1
Crown Supreme,Crown Supreme Ketchup KFP (MT),1
Crown Supreme,Crown Supreme Ketchup KFP,1
Croyden,127g,2
Croyden,Matzo Ball Mix or Dumpling KPY,1
Croyden House,127g,2
Crtynell,53.5mm Round Coffee Filter Plate 304 Stainless Steel Coffee Powder Full Extraction Handheld Lower Shower Filter,1
Crunch,100g,3
Crunch 'n Munch,99g package,1
Crunch 'n Munch,99g Carton,1
Crunch n' Munch,99g,2
Crunchie,176g,1
Crush,48ml,6
Crush,12 Each,5
Crush,2l,4
Crush,12x355.0ml,4
Crush,591ml,3
Crush,591 Millilitre,3
Crush,355ml,3
Crush,12x355ml,3
Crush,Orange48 Millilitre,2
Crush,6x222ml,2
Crush,6x222.0ml,2
Crush,2?l,2
Crush,Mini Cans 22ml6 Each,1
Crush,Grape48 Millilitre,1
Crush,8x355ml,1
Crush,6x710ml,1
Crush,6x710.0ml,1
Crush,591ml Bottle1 Each,1
Crush,2L Bottle1 Each,1
Crush,24x355.0ml,1
Crush,24 Each,1
Crush,12x355ml - cans,1
Cruz de Malta,1kg,1
Crystal,907g,1
Crystal,60ml,1
Crystal,50ml,1
Crystal Light,48ml,21
Crystal Light,54g,3
Crystal Light,48 Millilitre,3
Crystal Light,10 Packets,3
Crystal Light,10 Each,3
Crystal Light,45g,2
Crystal Light,40g,2
Crystal Light,36g,2
Crystal Light,30.9g,2
Crystal Light,24g,2
Crystal Light,Original Iced Tea4 Each,1
Crystal Light,56.6g,1
Crystal Light,4 Packs,1
Crystal Light,4 Each,1
Crystal Light,39g,1
Crystal Light,27g,1
Crystal Light,26g,1
Crystal Light,10x3.6?g,1
Cucina,500g,3
Cucina Antica,685ml,2
Cucina Antica,670ml,2
Cucina Antica,670 Millilitre,2
Cucina Della Nonna,2x0.5g,1
Cucina Della Nonna,16g,1
Cucina della Nonna,2g,1
Cucina della Nonna,16g,1
Cucumber,Organic1 Each,1
Cucumber,Fresh1 Each,1
Cucumber,3 Each,1
Cucumber,1 Each,1
Cucumbers,2lb907g,1
Cuddy,$34.90/1kg,2
Cuddy,$49.90/1kg,1
Cuddy,$41.90/1kg,1
CuisiChef,4x60g,2
Cuisine Adventures,2x285g,1
Cuisine Poirier,310g,3
Culinasian Foods,400g,2
Cullen's,540ml,3
Cup4Cup,404g,1
Cup4cup,1.4kg,1
Currants,Bulk100g,1
Curry Leaf,5 pieces,2
Curry Leaf,5 x 80g.,1
Curry Leaf,5 pieces x 80 gm.,1
Custan,180g,1
Cu¨¦tara,800g,1
Cyrus O'Leary's,198g,3
C¨¦l¨¦bration,240g,2
C¨¦l¨¦bration,325g,1
C¨¦l¨¦bration,300g,1
D Arbo,350ml,1
D Italiano,6 Each,1
D&G,300ml,4
D&G,355ml,1
D'Aucy,398ml,1
D'Aucy,265g,1
D'Italiano,675g,10
D'Italiano,540g,6
D'Italiano,520g,6
D'Italiano,420g,6
D'Italiano,600g,5
D'Italiano,675?g,4
D'Italiano,620g,3
D'Italiano,8 Each,2
D'Italiano,568g,2
D'Italiano,528g,2
D'Italiano,456g,2
D'Italiano,325g,2
D'Italiano,8un,1
D'Italiano,8 un - 528g,1
D'Italiano,6un,1
D'Italiano,6 buns,1
D'Italiano,6 Each,1
D'Italiano,560g,1
D'Italiano,555g,1
D'Italiano,1 Each,1
D'Italiano?,675g,4
D'Italiano?,540g,3
D'Italiano?,520g,3
D'Italiano?,420g,2
D'Italiano?,620g,1
D'Italiano?,568g,1
D'Italiano?,528g,1
D'Italiano?,456g,1
D-NO SUGAR,NO SUGAR KID BAR ECD,1
D-NO SUGAR,D-NO SUGAR NO SUGAR KID BAR EBD,1
DAIRY ISLE,Dairy Isle Unsalted Butter 454g,1
DAIRY ISLE,Dairy Isle Salted Butter 454g,1
DANONE DANINO GO,6X93ml,4
DANONE YOCRUNCH,2 x 143g,1
DASANI,500ml,2
DASANI,591ml,1
DASANI,355ml,1
DAVIDsTEA,65g,3
DAVIDsTEA,50g,3
DAVIDsTEA,30g,2
DAVIDsTEA,21.6g,2
DAVIDsTEA,78g,1
DAVIDsTEA,24g,1
DAVIDsTEA,22.8g,1
DAVIDsTEA,18g,1
DAVIDsTEA,14.4g,1
DEEP,200g,1
DEL MONTE ON ICE,1.89l,3
DIPPS,935g,1
DOM,50g,2
DOM,220g,2
DOM,70g,1
DOM,250g,1
DOM,200g,1
DOM,2 portions,1
DOM,125g,1
DOM,$59.50/1kg $27.00/1lb,1
DOM Specialty,200 g - Pre-sliced.,1
DOSE,60ml,1
DOSE,4 x 60ml bottles,1
DOSE,4 x 60ml,1
DOUBLE,473ml,1
DOUBLE HAPPINESS,640ml,1
DR PEPPER,2 Litre,1
DR.LAFFA,680g,3
DR.LAFFA,480g,3
DR.LAFFA,640g,2
DR.LAFFA,600g,2
DR.LAFFA,520g,2
DR.LAFFA,500g,2
DR.LAFFA,440g,2
DR.LAFFA,660g,1
DR.LAFFA,540g,1
DR.LAFFA,4x150.0g,1
DR.LAFFA,340g,1
DR.LAFFA,320g,1
DR.LAFFA,250g,1
DYNWAVECA,Desserts - Pecan,1
Daawat,907g,2
Daawat,4kg,2
Dab,6x500.0ml,1
Dabur,1l,10
Dabur,500g,2
Dabur,500ml,1
Dabur,1kg,1
Dad'S,320g,2
Dad's,520g,5
Dad's,500g,5
Dad's,305g,3
Dad's,4x355ml,1
Dad's,320g,1
Dad's,320 g.,1
Dagim,170g,5
Dagim,709g,2
Dagim,595g,2
Dagim,680g,1
Dagim,590g,1
Dagim,125g,1
Dagim,106g,1
Dahi,750g,4
Dainty,1.6kg,17
Dainty,900g,13
Dainty,450g,8
Dainty,350g,6
Dainty,3.63kg,5
Dainty,7kg,3
Dainty,460g,2
Dainty,430g,2
Dainty,E-DAINTY DTY BASMATI 1.76KG,1
Dainty,907g,1
Dainty,375g,1
Dainty,370g,1
Dainty,340g,1
Dainty Foods,fragrant rice,1
Dainty Foods,Dainty Long & Wild rice blend,1
Dainty Foods,900g Basmati rice,1
Dairyland,1.89 Litre,15
Dairyland,946 Millilitre,12
Dairyland,1.89l,12
Dairyland,946ml,8
Dairyland,500g,7
Dairyland,4 Litre,7
Dairyland,2 Litre,7
Dairyland,2l,6
Dairyland,1 Litre,6
Dairyland,473 Millilitre,5
Dairyland,1l,5
Dairyland,500 Millilitre,3
Dairyland,4l,3
Dairyland,454g,3
Dairyland,250 Millilitre,3
Dairyland,237 Millilitre,3
Dairyland,750g,2
Dairyland,600g,2
Dairyland,6 Each,2
Dairyland,473ml,2
Dairyland,225g,2
Dairyland,Partly Skimmed4 Litre,1
Dairyland,Fat Free4 Litre,1
Dairyland,Dairyland 6% Light Cream,1
Dairyland,Dairyland 10% Half & Half Cereal Cream,1
Dairyland,750 Millilitre,1
Dairyland,450 Millilitre,1
Dairyland,400g,1
Dairyland,3.25% M..F1.89 Litre,1
Dairyland,250g,1
Dairyland,2% M.F.1.89 Litre,1
Dairyland,160 Each,1
Dairyland,10% M.F.946 Millilitre,1
Dairyland,10% M.F.473 Millilitre,1
Dairyland,10% M.F.237 Millilitre,1
Daiter's,1l,7
Daiter's,300g,1
Daiter's,270g,1
Daiya,200g,20
Daiya,400g,11
Daiya,300g,10
Daiya,170g,5
Daiya,550g,4
Daiya,444g,4
Daiya,227g,4
Daiya,220g,4
Daiya,156g,4
Daiya,492g,3
Daiya,433g,2
Daiya,3x134g,2
Daiya,354g,2
Daiya,237ml,2
Daiya,1ea,2
Daiya,185g,2
Daiya,134g,2
Daiya,Roasted Pepper & Kale Flatbread Pizza322g,1
Daiya,PB CHIC SMOK BAC FB,1
Daiya,PB BBQ CHICK PIZZA,1
Daiya,Feta cheeze flavour crumbles,1
Daiya,Daiya Fire Roast GF Veg Pizza,1
Daiya,Caramelized Onion & Fig Flatbread Pizza346g,1
Daiya,472g,1
Daiya,440g,1
Daiya,411g,1
Daiya,405g,1
Daiya,346g,1
Daiya,331g,1
Daiya,327g,1
Dal Colle,225 G,3
Dalimar,500g,1
Dalisa,Mild Italian GF 375g,1
Dalisa,Dalisa gluten free Mild italian sausage,1
Dalisa,Dalisa Hot Italian,1
Dalisa,Dalisa Ham & Maple Pork,1
Dalisa,Dalisa Combo saucisses 6 saveurs 900g,1
Dallmayar,250g,1
Dalmatia,240g,7
Dalmatia,250g,3
Dalmatia,,1
Daltons,225g,3
Daltons,250 Millilitre,2
Daltons,500g,1
Daltons,450g,1
Daltons,375 Millilitre,1
Daltons,360g,1
Daltons,300g,1
Daltons,250ml,1
Dan D Pak,500g,6
Dan D Pak,285g,5
Dan D Pak,908g,4
Dan D Pak,135g,3
Dan D Pak,1000g,3
Dan D Pak,800g,2
Dan D Pak,180g,2
Dan-D Pak,800g,3
Dan-D Pak,600g,1
Dan-D Pak,100g,1
Dan-D-Pak,Net weight: 500g,2
Dan-D-Pak,100g,1
Dan-D-Pak,100 grams,1
Danam food imp.,Milka WHOLE HAZELNUTS,1
Danam food imp.,MILKA OREO,1
Dandies,283g,3
Dandy Blend,200g,1
Danedar,TAPAL 220 ROUND,1
Danesi,sell quantity 140g,1
Danisa,454g,2
Danisa,908g,1
Danish,100g,2
Danone,558ml,10
Danone,190ml,8
Danone,6x93ml,7
Danone,625g,7
Danone,380g,6
Danone,6X93ml,4
Danone,650g,3
Danone,6 x 93ml,3
Danone,6x93.0ml,2
Danone,190ml Yogurt Drink for Kids,2
Danone,Two Good Cherry Yogurt,1
Danone,Strawberry Flavoured8 Each,1
Danone,Strawberry - Banana558 Millilitre,1
Danone,Raspberry Flavoured558 Millilitre,1
Danone,Danino Banana lactose Free 6x93ml,1
Danone,8 x 93ml Yogurt Drink,1
Danone,6 X 93ml,1
Danone,4x95g,1
Danone,190ml yogurt drink for kids,1
Danone,1.5kg,1
Danone Danino,6 Each,1
Dao Xiang Cun,320g,2
Darbo,Spread,1
Dare,240g,34
Dare,200g,28
Dare,180g,22
Dare,168g,19
Dare,100g,16
Dare,250g,15
Dare,300g,14
Dare,225g,13
Dare,290g,10
Dare,700g,9
Dare,480g,9
Dare,350g,9
Dare,285g,9
Dare,135g,9
Dare,500g,7
Dare,170g,7
Dare,600g,6
Dare,150g,5
Dare,Bulk100g,4
Dare,173g,4
Dare,120g,4
Dare,Chocolate Chip12 Each,3
Dare,450g,3
Dare,360g,3
Dare,315g,3
Dare,310g,3
Dare,230g,3
Dare,210g,3
Dare,189g,3
Dare,12 Each,3
Dare,Spice Snaps310g,2
Dare,Chocolate Chip Soft Cookies6 Each,2
Dare,630g,2
Dare,6 Each,2
Dare,337g,2
Dare,132g,2
Dare,Zesty Ranch100g,1
Dare,Sea Salt100g,1
Dare,Raspberry 9 Pack360g,1
Dare,RF Minis 600g,1
Dare,Original200g,1
Dare,Multigrain200g,1
Dare,Mixed Pack50 Each,1
Dare,Maple Crme300g,1
Dare,Jelly Beans500g,1
Dare,Garden Vegetable200g,1
Dare,Digestive310g,1
Dare,Crystalized100g,1
Dare,Cracked Pepper & Olive Oil200g,1
Dare,Coconut250g,1
Dare,Brownie6 Each,1
Dare,Banana Bread6 Each,1
Dare,AppleApple Raspberry Lemon Twist & Apple Mango12 Each,1
Dare,All Dressed100g,1
Dare,9 Pack315g,1
Dare,6x2un,1
Dare,58g,1
Dare,5 Each,1
Dare,400g,1
Dare,270g,1
Dare,244g,1
Dare,150 gr,1
Dare,130g,1
Dare,100 gr,1
Dare,1 Each,1
Dare Candy Co,600g,1
Dare Crisps,100g,1
Dare Ultimate,290g,3
Dare Ultimate,300g,1
Darrell Lea,DARRELL LEA Traditional Black Licorice,1
Darrell Lea,DARRELL LEA Strawberry Licorice,1
Darrell Lea,200g,1
Daryl's,58g,4
Daryl's Bars,56g,1
Daryl's Bars,12x56g,1
Dasani,591ml,3
Dasani,1.5l,2
Dasani,591 Millilitre,1
Dasani,12x355ml,1
Dasani,12x355.0ml,1
Dasani,12 Each,1
Dasani,1.5?l,1
Dasani,1.5 Litre,1
Dasani,1 Litre,1
Dates,Bulk100g,1
Datu Puti,750ml,4
Datu Puti,1l,3
Datu Puti,Datu Puti Soy Sauce,1
Datu Puti,718g,1
Datu puti,750ml,1
Datu puti,1l,1
Dave's Gourmet,709 Millilitre,1
Dave's Gourmet,425g,1
Dave's Wing Sauce (Mild),Volume/Quantity - 450ml x 24/Case,1
Daves Sauces,142g,3
David Lumbroso,85g,3
David Robert,775g,1
David Roberts,200g,1
David Rocco,650ml,6
David Rocco,400g,3
Davids Tea,12 Each,3
DavidsTea,12un,3
DavidsTea,65g,2
DavidsTea,8un,1
DavidsTea,50g,1
DavidsTea,40g,1
Dawson's Hot Sauce,155ml,2
Day Dream,CUCUMBER LIME,1
Daybreak Farms,Daybreak Farms Omega-3 Large Eggs,1
Daybreak Farms,Daybreak Farms Free Run Large Eggs,1
Daydream,355ml,2
De Cecco,454g,37
De Cecco,450g,16
De Cecco,500g,5
De Cecco,400g,5
De Cecco,190g,3
De Cecco,250g,2
De Cecco,DeCecco Paccheri 500g,1
De Cecco,DeCecco Conchiglioni Rigati 500g,1
De Cecco,DeCecco Bombardoni Rigate 500g,1
De Cecco,De Cecco Spaghetti Pasta 454g,1
De Cecco,De Cecco Rigatoni Pasta 454g,1
De Cecco,De Cecco Fusilli Pasta 454g,1
De Cecco,De Cecco Farfalle 454g,1
De Cecco,200g,1
De La Rosa,500ml,2
De La Rosa,250ml,2
De La Rosa,750ml,1
De La Rosa,1000ml,1
De Mello,227g,3
De Nigris,250ml,2
De Ruiter,400g,1
DeMet's,83g,1
DeMet's,350g,1
DeMet's,300g,1
Decacer,Go?t Robuste,1
Decacer,540ml,1
Decodeary,Decodeary 100pcs Bag Teabags with String Empty Scented Pouch Filter Paper Herb Loose Leaf Fabric Pocket Disposable Multi-use As Shown 1Set,1
Decodeary,100 Pieces Canvas Drawstring Bags Filter Solid Color Fine Mesh Burlap Mesh Reliable Fast Drying Spice Bag for Hold Crafts Tea Leaf 7*9cm,1
Deebee's,400ml,2
Deebee's,10x40ml,2
Deebee's,8x40ml,1
Deebee's Organics,400ml,2
Deep,427.5g,2
Deep,370.5g,2
Deep,334.87g,2
Deep,384.75g,1
Deglet,100g,1
Del Monte,398ml,48
Del Monte,2.5l,21
Del Monte,960ml,17
Del Monte,796ml,14
Del Monte,1.89l,9
Del Monte,10x50ml,6
Del Monte,10x50.0ml,6
Del Monte,960 Millilitre,5
Del Monte,398 Millilitre,5
Del Monte,20x112.5ml,5
Del Monte,767ml,4
Del Monte,341ml,4
Del Monte,280ml,4
Del Monte,250ml,4
Del Monte,946ml,3
Del Monte,946 Millilitre,3
Del Monte,112.5ml,3
Del Monte,0.9l,3
Del Monte,0.946l,3
Del Monte,Banana 1/2 Dipped Chocolate50 Millilitre,2
Del Monte,50 Millilitre,2
Del Monte,4x90ml,2
Del Monte,20 Each,2
Del Monte,2.14l,2
Del Monte,10 x 50ml,2
Del Monte,1.6l,2
Del Monte,1.36l,2
Del Monte,Mango10 Ounce,1
Del Monte,E-DEL MONTE DMNT PNPPL (10X50ml),1
Del Monte,Bowls20 Each,1
Del Monte,8 x 190ml,1
Del Monte,8 cups x 190ml,1
Del Monte,500g,1
Del Monte,500 Millilitre,1
Del Monte,1.36 Litre,1
Del Monte Fresh Produce,Mango Chunks,1
Del Monte Fresh Produce,Fruit Tray,1
Del Monte Fresh Produce,Del Monte Gold Pineapple Chunks,1
Del Monte Fresh Produce,8 oz,1
Del Monte Fresh Produce,18 oz,1
Delancey Kosher,375g,2
Delcato,454g,3
Delcato,410g,2
Delcato,400g,2
Delcato,300g,2
Delcato,160g,2
Delcato,800g,1
Delcato,600g,1
Delcato,510g,1
Delcato,450g,1
Delcato,390g,1
Delcato,345g,1
Delcato,285g,1
Delcato,250g,1
Deli Co.,200g,1
Deli Express,250g,5
Deli Express,505g,3
Deli Express,375g,3
Deli Express,300g,3
Deli Express,600g,2
Deli Express,560g,2
Deli Express,500g,2
Deli Express,400g,2
Deli Express,200g,2
Deli Express,175g,2
Deli Express,100g,2
Deli Express,Deli Express Sliced Salami Value Size,1
Deli Express,Deli Express Sliced Pepperoni Value Size,1
Deli Express,Deli Express Honey Garlic Chicken Wings,1
Deli Express,Deli Express BBQ Chicken Drumsticks,1
Deli Express,568g,1
Deli Express,550g,1
Deli Fresh,200g,7
Deli Fresh,100g,5
Deli Fresh,Fresh100g,2
Deli Fresh,150g,2
Deli Fresh,Roast Garlic200g,1
Deli Fresh,Plain200g,1
Deli Fresh,Fresh200g,1
Deli Fresh,Dill200g,1
Deli Fresh,Cows Milk220g,1
Deli Fresh,350g,1
Deli Fresh,225g,1
Deli Fresh,180g,1
Deli Fresh,175g,1
Deli World,500g,1
Delicious Kitchen,454g,4
Delicious Kitchen,7 oz,2
Delicious Kitchen,500ml,2
Delicious Kitchen,400ml,2
Delicious Kitchen,2kg,2
Delicious Kitchen,1l,2
Delicious Kitchen,800g (4 X 200g),1
Delicious Kitchen,8 kg (17.6 lb),1
Delicious Kitchen,60 g ( 12 x 5 g),1
Delicious Kitchen,28 g (10 sheets),1
Delicious Kitchen,200g,1
Delish,623g,1
Delphi,750g,1
Delta,250g,7
Delta,25un,4
Delta,1kg,1
Delta,1.81kg,1
Delverde,450g,10
Delverde,500g,1
Delverde,250g,1
Demers,250g,1
Demers,200g,1
Dempster,600g,8
Dempster,6x75.0g,6
Dempster,675g,4
Dempster,400g,4
Dempster,376g,4
Dempster,528g,3
Dempster,426g,3
Dempster,6x57.0g,2
Dempster,610g,2
Dempster,340g,2
Dempster,375g,1
Dempster,0.425kg,1
Dempster's,600g,44
Dempster's,675g,21
Dempster's,8un,12
Dempster's,6 un - 450g,10
Dempster's,340g,9
Dempster's,6 Each,7
Dempster's,426g,7
Dempster's,Pack of 6; 450g,6
Dempster's,610g,6
Dempster's,375g,6
Dempster's,450g,5
Dempster's,6un,4
Dempster's,272g,4
Dempster's,6 un - 340g,3
Dempster's,570g,3
Dempster's,488g,3
Dempster's,480g,3
Dempster's,Pack of 6; 510g,2
Dempster's,Pack of 5; 375g,2
Dempster's,680g,2
Dempster's,12un,2
Dempster's,Pack of 8; 568g,1
Dempster's,Pack of 8; 520g,1
Dempster's,Pack of 8; 400g,1
Dempster's,Pack of 8; 376g,1
Dempster's,Pack of 8,1
Dempster's,Pack of 6; 340g,1
Dempster's,Pack of 6,1
Dempster's,Pack of 5; 400g,1
Dempster's,Pack of 5; 380g,1
Dempster's,Pack of 12; 636g,1
Dempster's,Pack of 12; 420g,1
Dempster's,Pack of 12,1
Dempster's,Dempster¡¯s? Texas Toast White Sandwich Bread,1
Dempster's,Dempster¡¯s? Texas Toast 100% Whole Wheat Sandwich Bread,1
Dempster's,Dempster¡¯s? Signature Parmesan Garlic & Herb Flavour Bagels,1
Dempster's,Dempster¡¯s? 100% Whole Grains Seed Lover¡¯s with Chia Bread,1
Dempster's,Dempster¡¯s? 100% Whole Grains Double Flax Bread,1
Dempster's,Dempster's? Signature Potato Burger Buns,1
Dempster's,366g,1
Dempster's,1un,1
Dempsters,6 Each,5
Dempsters,5 Each,3
Dempsters,8 Each,2
Dennis',250ml,4
Dentyne,4ea,9
Dentyne,48 count,8
Dentyne,1un,7
Dentyne,12 count,7
Dentyne,60 Each,5
Dentyne,60 count,4
Dentyne,4un,4
Dentyne,40 count,4
Dentyne,1ea,4
Dentyne,14 count,3
Dentyne,60ea,2
Dentyne,4 pack,2
Dentyne,12 Each,2
Dentyne,79g,1
Dentyne,60un,1
Dentyne,50 pieces,1
Dentyne,4x12un,1
Dentyne,4 Each,1
Dentyne,24 Pack,1
Dentyne,1 Each,1
Derlea,125g,6
Derlea,250g,4
Derlea,120g,4
Derlea,1kg,2
Derlea,185g,2
Derlea,Garlic Spread 250g,1
Derlea,230g,1
Derma E,56g,5
Derma E,113g,5
Derma E,60ml,2
Derma E,296ml,2
Derma E,236ml,2
Derma E,175ml,2
Derma E,14g,1
Desert Essence,237ml,11
Desert Essence,176g,6
Desert Essence,142g,3
Desert Essence,473ml,2
Desert Essence,184.84ml,2
Desert Essence,946ml,1
Desert Essence,480ml,1
Desert Essence,28.3ml,1
Desert Essence,250ml,1
Desert Essence,120ml,1
Desert Pepper,473ml,3
Desi,710g,2
Desi,25g,2
Desi-licious,1l,6
Desi-licious,360ml,4
Desi-licious Kulfi,1l,3
Desnoes & Geddes,300ml,1
Destyer,Destyer Coffee Filter Household Accessories Drink Strainer Professional Practical Kitchenware Metal Wood Filtering Bag 100mm 1Set,1
Devon,140g,4
Devon Cream Company,170g,2
Di Manno Bakery,1l,4
Di Manno Bakery,340g,1
Di Manno Bakery,300g,1
Di Martino,500g,5
Di Martino Pasta,500g,3
Di Martino Pasta,Tofette500g,1
Di Martino Pasta,Penne Mezzanelli Rigate500g,1
Di Martino Pasta,Linguine500g,1
Diablo,147 Millilitre,1
Diamond G,2.26kg,2
Diamond G,6.8kg,1
Diamond Valley,1kg,2
Diamond Valley,$33.33/1kg $15.12/1lb,1
Diana,500ml,16
Diana,375ml,4
Diana,500 Millilitre,3
Diana,720ml,2
Diana,1l,2
Diana,796ml,1
Diana Sauce,500ml,2
Diana ?,500ml,4
Diana ?,375ml,2
Diana ?,Pure Quebec Maple syrup,1
Diana ?,Diana Sauce Marinade,1
Dianli,Wal-mart Deals Dianli Children's Donut Inflatable Stick Party Lollipop Decoration Props Cartoons Creatives Inflatable Stick Flash Deals,1
Dianli,Up to 60% off Gifts Dianli Wood For And Grilling 8 Natural Flavors Of Walnut And Wood Chips Perfect For Bbq Meat Pork Chicken And Whis Holiday Gift Finder,1
Dianli,Up to 60% off Gifts Dianli Tea Filter Deals of the Day,1
Dianli,Up to 60% off Gifts Dianli Tea Filter Clearance Items,1
Dianli,Up to 60% off Gifts Dianli Silica Gel Tea Bag Tea Filter Silica Gel Tea Filter Shopping Spree Weekend,1
Dianli,Up to 60% off Gifts Dianli Popsicle Holders Bags Reusable Washable Ice Popsicle Holders 10pc Summer Clearance,1
Dianli,Summer Savings Dianli Four-compartment Snack Box Weekly Deals,1
Dianli,Summer Savings Dianli Four-compartment Snack Box On-Trend Low Spend,1
Dianli,Enjoy The Happiness Of Homemade Ice Cream Save 15% on pets,1
Dianli,Dianli up to 60% off Gifts Wood For And Grilling 8 Natural Flavors Of Walnut And Wood Chips Perfect For Bbq Meat Pork Chicken And Whis Back to savings,1
Dianli,Dianli up to 60% off Gifts Popsicle Holders Bags Reusable Washable Ice Popsicle Holders 10pc Save 15% on pets,1
Dianli,Dianli up to 60% off Gifts Ice Cream With Lid Popsicle Summer Ice Cream Shop Our Rollback Prices,1
Dianli,Dianli up to 60% off Gifts 100pc Halloween Cookies Nougat Snowflake Crisp Fruit Bag Ghost Party Gift Ziplock Bag Goodie Bag Savings,1
Dianli,Dianli Wal-mart Deals DIY 4 Homemade Ice Cream Chocolate Candy With 20 Wooden Sticks Deals of the Day Clearance Prime,1
Dianli,Dianli Wal-mart Deals 6 Compartment Folding Popsicle Ice Cream Deals of the Day Clearance Prime,1
Dianli,Dianli Wal-mart Deals 10 Popsicle Diy Ice Cream Ice Cream Deals of the Day Clearance Prime,1
Dianli,Dianli Up to 90% Off Printed Kitchen Oil Barrier High Temperature Aluminum Foil Oil Baffle Deals of the Day Clearance Prime,1
Dianli,Dianli Up to 90% Off Household ice cream DIY mixed color conjoined popsicle with lid Deals of the Day Clearance Prime,1
Dianli,Dianli Up to 90% Off 10 Popsicle Diy Ice Cream Ice Cream Todays Deals Clearance Sales,1
Dianli,Dianli Todays Deals Clearance Sales DIY 4 Homemade Ice Cream Chocolate Candy With 20 Wooden Sticks Deals of the Day Clearance Prime,1
Dianli,Dianli Tea Filter Deals,1
Dianli,Dianli Popsicle Holders Bags Reusable Washable Ice Popsicle Holders 10pc Deals on sports & rec,1
Dianli,Dianli Popsicle Holders Bags Reusable Washable Ice Popsicle Holders 10pc Clearance Items,1
Dianli,Dianli Deals of the Day Clearance Prime Printed Kitchen Oil Barrier High Temperature Aluminum Foil Oil Baffle Todays Deals Clearance Sales,1
Dianli,Dianli Deals of the Day Clearance Prime DIY 4 Homemade Ice Cream Chocolate Candy With 20 Wooden Sticks Todays Deals Clearance Sales,1
Dianli,Dianli Deals of the Day Clearance Prime 6 Compartment Folding Popsicle Ice Cream Wal-mart Deals,1
Dianli,Dianli Clearance Popsicle Holders Bags Reusable Washable Ice Popsicle Holders 10pc Holiday Deals,1
Dianli,Dianli Clearance Popsicle Holders Bags Reusable Washable Ice Popsicle Holders 10pc Free samples,1
Dianli,Dianli Clearance Fruit Tray Clear Snack Display Tray Candy Snack Tray Nut And Dried Fruit Storage Box Snack Tray For Kitchen And Party Food And Pantry Organization Weekly Deals,1
Dianli,Dianli Clearance Cupcake Shaped Candy Box Multifunctional Fruit Shaped Candy Tray Food Storage Box Snack Candy Cookies Fruit Food Candy Christmas Holiday Deals,1
Dianli,Dianli Clearance Advent Calendar 2023 Christmas DIY Pendan Bracelet Countdown Calendar For Girls 24 Days Xmas Countdown Calendar DIY Jewelry Making Kit Gift 22 Pendan Beads Subscribe to Save,1
Dianli,Dianli Back to School Home Made Ice Cream Set Box For Making Ice Cream Ice Cream Ice Cream Children's Ice Cream Stick Ice Cream Stick Shop Our Rollback Prices,1
Dianli,Dianli Back to School 600pcs Disposable Plastic Colorful Straws Flexible Straws For Banquet Bar Drinks Multisave,1
Dianli,Dianli Autumn Promotion Kitchen Burger Press Meat Patty Manual Non Stick Burger Press Meat Patty Meatloaf Flyer top picks,1
Dianli,Dianli Autumn Promotion DIY Conjoined Ice Cream Silica Gel ice Cream Weekly Deals,1
Dianli,Dianli Autumn Clearance 1PC Home-made Popsicle Ice Cream Ice Cream Popsicle Subscribe to Save,1
Dianli,Commercial Seaweed Sushi Do Special Sushi Curtain Deals of the Day Clearance Prime,1
Dic Ann's,678g,1
Dic Ann's,500ml,1
Dick Duff's,,2
Diet Coke,500ml,4
Diet Coke,2?l,4
Diet Coke,12x355ml,3
Diet Coke,8x300ml - mini bottles,2
Diet Coke,6x710ml,2
Diet Coke,6x222ml,2
Diet Coke,355ml,2
Diet Coke,2l,2
Diet Coke,1?l,2
Diet Coke,12 x 355ml,2
Diet Coke,8 x 300ml,1
Diet Coke,6 x 710ml,1
Diet Coke,6 x 222ml,1
Dill,Bunched1 Each,1
Dill,65g,1
Dimpflmeier,454g,39
Dimpflmeier,500g,11
Dimpflmeier,680g,9
Dimpflmeier,700g,2
Dimpflmeier,400g,2
Dimpflmeier,250g,2
Dimpflmeier,907g,1
Dimpflmeier Bakery,454g,1
Ding Dong,100g,4
Ding Dong,Net Weight - 100 g (3.53 oz),1
Dion,8g,4
Dion,43g,4
Dion,26g,4
Dion,60g,3
Dion,39g,3
Dion,35g,3
Dion,34g,3
Dion,30g,3
Dion,28g,3
Dion,27g,3
Dion,16g,3
Dion,80g,2
Dion,78g,2
Dion,70g,2
Dion,6g,2
Dion,63g,2
Dion,57g,2
Dion,52g,2
Dion,50g,2
Dion,48g,2
Dion,41g,2
Dion,38g,2
Dion,36g,2
Dion,32g,2
Dion,31g,2
Dion,29g,2
Dion,208g,2
Dion,18g,2
Dion,12g,2
Dion,9g,1
Dion,92g,1
Dion,90g,1
Dion,84g,1
Dion,67g,1
Dion,62g,1
Dion,58g,1
Dion,55g,1
Dion,54g,1
Dion,46g,1
Dion,42g,1
Dion,40g,1
Dion,37g,1
Dion,33g,1
Dion,320g,1
Dion,25g,1
Dion,23g,1
Dion,21g,1
Dion,20g,1
Dion,1ea,1
Dion,17g,1
Dion,166g,1
Dion,163g,1
Dion,160g,1
Dion,15g,1
Dion,150g,1
Dion,123g,1
Dion,122g,1
Dion,10g,1
Dion,100g,1
Disney,683g,1
Divella,500g,9
Divella,400g,3
Divella,660ml,1
Divella,398ml,1
Divina,30g,2
Divina,1 Each,1
Divina Krunch,400g,2
Divya,400g,13
Divya,315g,7
Divya,375ml,6
Divya,1.81kg,5
Divya,500g,4
Divya,750g,3
Divya,500ml,2
Divya,908g,1
Divya,9.1kg,1
Divya,454g,1
Divya,320g,1
Divya,200g,1
Divya,1l,1
Divya,1.8kg,1
Do Matcha,28g,1
Dodocool,41MM Diameter Espresso Coffee Tamper Stainless Steel Coffee Powder Hammer Filling Tool Coffee Capsule Pressing Grind for Dolce Gusto Pods,1
Dofino,198g,2
Dofino,$3.69/100g $16.74/1lb,1
Dofino,$3.49/100g $15.83/1lb,1
Dofino,$3.49/100g,1
Dofino,$3.19/100g $14.47/1lb,1
Dofino,$2.99/100g $29.90/1kg,1
Dofino,$2.99/100g $13.57/1lb,1
Dofino,$2.49/100g $11.30/1lb,1
Dolcezza,150g,5
Dolcezza,110g,2
Dolcezza,200g,1
Dole,540ml,31
Dole,398ml,17
Dole,4 Each,13
Dole,540 Millilitre,10
Dole,4x123g,10
Dole,4x107.0ml,10
Dole,428ml,9
Dole,492g,8
Dole,4x107ml,7
Dole,12x340ml,7
Dole,40g,5
Dole,398 Millilitre,4
Dole,340g,4
Dole,1.36l,4
Dole,4x240ml,3
Dole,12x340.0ml,3
Dole,Bowls20 Each,2
Dole,4x250.0ml,2
Dole,4x240.0ml,2
Dole,48ml,2
Dole,450 Millilitre,2
Dole,346g,2
Dole,303g,2
Dole,276g,2
Dole,or preservatives,1
Dole,No Sugar Added4 Each,1
Dole,Dole Pineapple Orange Juice,1
Dole,Dole Pineapple Mango Juice,1
Dole,DOLE SOFT SERVE Watermelon Soft Serve Mix 4.5 lb/2.04 kgs,1
Dole,71g,1
Dole,4x123.0g,1
Dole,4X240ml,1
Dole,4 x 107ml,1
Dole,397g,1
Dole,347g,1
Dole,343g,1
Dole,321g,1
Dole,312g,1
Dole,307g,1
Dole,301g,1
Dole,298g,1
Dole,293g,1
Dole,290g,1
Dole,286g,1
Dole,283g,1
Dole,270g,1
Dole,255g,1
Dole,218g,1
Dole,215g,1
Dole,2.84l,1
Dole,1ea,1
Dole,198g,1
Dole,12x40g,1
Dole,12x355ml,1
Dolity,DOLITY Reusable Metal Cone Paperless Strainer Funnel Golden,1
Dolity,DOLITY Coffee Cup 200ml Ceramic Coffee Cup Coffee Roasters Espresso Shot Coffee Cup inner white,1
Dolity,DOLITY Coffee Cone Polish Coffee Basket Stainless Steel Coffee Diameter 120mm,1
Dolity,DOLITY Coffee Cone Polish Coffee Basket Stainless Steel Coffee Diameter 105mm,1
Dolity,DOLITY 100 Pieces Coffee Replacement Part Papere Coffee Strainer Portable Basket 51mm,1
Dolity,DOLITY 100 Pcs Round Coffee Papere Professional Replacement Coffee Strainer Cone 58mm,1
Doll,400g,1
Dolmades,100g,1
Dom,200g,4
Dom,454g,3
Dom,300g,2
Dom,907g,1
Dom,85g,1
Dom,400g,1
Dom,340g,1
Dom,120g,1
Dom,,1
Dom Norwegian Fjord,200g,1
Domqga,Stainless Steel Bartender Drink Mixer Milk Tea Shaker Beverages Mixed Shaker Martini Shaker Margarita Mixer Essential Bar Tools for Bartender,1
Domqga,Gifts for Office Home travel Silver,1
Domqga,Food-grade Stainless Steel Multi-Grooves Waves Silver For Home Bakery 3 Grooves,1
Don Alvaro,1 piece,1
Don Don,800g,2
Don Don,200g x 4,1
Don Pancho,336g,2
Don Pancho,280g,1
Dona Isabel,YELLOW HOT PEPPER PASTE,1
Dona Isabel,PANCA HOT PEPPER PASTE,1
Dona Maria,233g,1
Donarepa,1kg,3
Donarepa,DONAREPA YELLOW CORN FLOUR,1
Donia Farms,650g,2
Donia Farms,300g,2
Donia Farms,250g,2
Donia Farms,2 Litre,2
Donut Bakery,90g,1
Donut Bakery,125g,1
Donut Bakery,120g,1
Donut House,30un,1
Donut House,30ea,1
Donut House Collection,Familiar from the very first sip.,1
Donut Shop,12un,1
Donut Time,390g,4
Donut Time,250g,4
Donut Time,300g,3
Donut Time,6pk - 250g,1
Donut Time,280g,1
Donut Time,270 g total,1
Donut Time,12 pk - 550g,1
Doolland,Fake Candy Decorations DIY Material Set Soft Ceramics Polymer Clay Phone Case Material,1
Doowon,1kg,1
Dora,340ml,4
Dora,500ml,2
Dora,425g,1
Dora the Explorer,STAWB-BlACK lIGHT 500ml,1
Dora the Explorer,PEACHES-MANGOS-ORANGES LIGHT,1
Dora the Explorer,LIGHT STAWBERRY RHUBARB,1
Dora the Explorer,Dora Seedless Strawberry Jam 250ml,1
Dora the Explorer,Dora Seedless Raspberry Jam 250ml,1
Dora the Explorer,DORA STRAWBERRY lIGHT 500ml,1
Dora the Explorer,DORA STRAWBERRY JAM 500ml,1
Dora the Explorer,DORA RASPBERRY JAM 500ml,1
Dora the Explorer,DORA BlUEBERRY lIGHT 500ml,1
Dora the Explorer,DORA APPlE JEllY 500ml,1
Dora the Explorer,DORA 3 FRUITS lIGHT 500ml,1
Dora the Explorer,DORA 3 FRUIT MARMALADE,1
Dora the Explorer,Chocolate coulis Dora 12-250ml,1
Dora the Explorer,Caramel coulis Dora 12-250ml,1
Doritos,210g,32
Doritos,235g,30
Doritos,72g,11
Doritos,640g,10
Doritos,283g,6
Doritos,145g,6
Doritos,370g,5
Doritos,75g,3
Doritos,69g,3
Doritos,80g,2
Doritos,65g,2
Doritos,213g,2
Doritos,145 g.,2
Doritos,Zesty Cheese235g,1
Doritos,Sweet Chili Heat370g,1
Doritos,Sweet Chili Heat235g,1
Doritos,Sweet & Tangy BBQ210g,1
Doritos,Spicy Tropical Fusion210g,1
Doritos,Spicy Nacho235g,1
Doritos,Sizzling Cheeseburger210g,1
Doritos,Nacho Chips235g,1
Doritos,Nacho Cheese80g,1
Doritos,Nacho Cheese72g,1
Doritos,Nacho Cheese370g,1
Doritos,Nacho Cheese145g,1
Doritos,Nacho Cheese Flavoured Halloween Treat Bags40 Each,1
Doritos,Jalapeno & Cheddar235g,1
Doritos,Flamin' Hot210g,1
Doritos,Creamy Jalapeno Popper69g,1
Doritos,Cool Ranch235g,1
Doritos,Cool Ranch145g,1
Doritos,Chili-Lime Burn280g,1
Doritos,Bold BBQ235g,1
Doritos,640 g.,1
Doritos,370GM,1
Doritos,280g,1
Doritos,213GM,1
Doritos,210GM,1
Doritos,12ct,1
Doritos,100g,1
Doritos.,210 g.,3
Dorot,1000g,1
Dorset,560g,4
Dorset,325g,4
Dorset,620g,2
Dorset,540g,2
Dorset Cereals,560g,3
Dorset Cereals,620g,2
Dorset Cereals,540g,2
Dorset Cereals,325g,1
Dorset Drum,200g,1
Dor¨¦-mi,160g,2
Dose,4x60ml,3
Dose,300ml,3
Dose,4x60.0ml,1
Double Bubble,50g,1
Double Bubble,230g,1
Double Dutch,160g,3
Double Dutch,264g,2
Double Dutch,272g,1
Double Fruit,500ml,3
Double Fruit,390ml,2
Double Happiness Foods,454g,4
Doublemint,227g,1
Doublemint,1un,1
Down East,3l,1
Doyon,250g,1
Dr Bronners,140g,12
Dr Bronners,944ml,10
Dr Bronners,472ml,6
Dr Bronners,59ml,2
Dr Isabelle,350g,2
Dr Isabelle,375g,1
Dr Oetker,410g,6
Dr Oetker,385g,5
Dr Oetker,740g,4
Dr Oetker,685g,4
Dr Oetker,480g,4
Dr Oetker,400g,4
Dr Oetker,3x186.0g,4
Dr Oetker,395g,4
Dr Oetker,355g,4
Dr Oetker,330g,4
Dr Oetker,164g,4
Dr Oetker,90g,3
Dr Oetker,390g,3
Dr Oetker,340g,3
Dr Oetker,84g,2
Dr Oetker,785g,2
Dr Oetker,771g,2
Dr Oetker,730g,2
Dr Oetker,724g,2
Dr Oetker,720g,2
Dr Oetker,700g,2
Dr Oetker,660g,2
Dr Oetker,54g,2
Dr Oetker,535g,2
Dr Oetker,515g,2
Dr Oetker,510g,2
Dr Oetker,501g,2
Dr Oetker,494g,2
Dr Oetker,439g,2
Dr Oetker,415g,2
Dr Oetker,405g,2
Dr Oetker,370g,2
Dr Oetker,37.5g,2
Dr Oetker,368g,2
Dr Oetker,365g,2
Dr Oetker,360g,2
Dr Oetker,328g,2
Dr Oetker,325g,2
Dr Oetker,320g,2
Dr Oetker,317g,2
Dr Oetker,315g,2
Dr Oetker,260g,2
Dr Oetker,20g,2
Dr Oetker,180g,2
Dr Oetker,137g,2
Dr Oetker,133g,2
Dr Oetker,130g,2
Dr Oetker,120g,2
Dr Oetker,111g,2
Dr Oetker,105g,2
Dr Oetker,Organic50g,1
Dr Oetker,87g,1
Dr Oetker,69g,1
Dr Oetker,576g,1
Dr Oetker,3x200.0g,1
Dr Oetker,300g,1
Dr Oetker,28g,1
Dr Oetker,250g,1
Dr Oetker,185g,1
Dr Oetker,170g,1
Dr Oetker,106g,1
Dr Pepper,2l,5
Dr Pepper,12x355.0ml,4
Dr Pepper,12x355ml,3
Dr Pepper,6x222.0ml,2
Dr Pepper,6x710ml,1
Dr Pepper,6x710.0ml,1
Dr Pepper,6x222ml,1
Dr Pepper,591ml,1
Dr Pepper,355ml,1
Dr Pepper,2?l,1
Dr Pepper,24x355.0ml,1
Dr Pepper,1 Litre,1
Dr Tusk,80ml,2
Dr. C. Soldan,50g,2
Dr. Laffa Bakery,Dr. Laffa Bakery Challah Whole Wheat Frozen,1
Dr. Laffa Bakery,Dr. Laffa Bakery Challah Water,1
Dr. Laffa Bakery,Dr. Laffa Bakery Challah Sweet,1
Dr. Laffa Bakery,Dr. Laffa Bakery Challah Bun 4pk,1
Dr. Laffa Bakery,Dr. Laffa Bakery Baguette Sesame 4pk,1
Dr. Laffa Bakery,Dr. Laffa Bakery Baguette Mini 10pk,1
Dr. Laffa Bakery,Dr. Laffa Bakery Baguette Long,1
Dr. Laffa Bakery,Challah Raisin Frozen,1
Dr. Laffa Bakery,Challah Mini Frozen 6pk,1
Dr. Laffa Bakery,Challa Plain Frozen,1
Dr. Natural,946ml,3
Dr. Natural,2x113.0g,3
Dr. Oetker,410g,6
Dr. Oetker,740g,5
Dr. Oetker,535g,4
Dr. Oetker,395g,4
Dr. Oetker,390g,4
Dr. Oetker,355g,4
Dr. Oetker,Milk Chocolate Mousse87g,3
Dr. Oetker,785g,3
Dr. Oetker,730g,3
Dr. Oetker,720g,3
Dr. Oetker,515g,3
Dr. Oetker,501g,3
Dr. Oetker,494g,3
Dr. Oetker,480g,3
Dr. Oetker,439g,3
Dr. Oetker,400g,3
Dr. Oetker,365g,3
Dr. Oetker,180g,3
Dr. Oetker,175g,3
Dr. Oetker,170g,3
Dr. Oetker,Gluten Free600g,2
Dr. Oetker,87g,2
Dr. Oetker,660g,2
Dr. Oetker,600g,2
Dr. Oetker,573g,2
Dr. Oetker,560g,2
Dr. Oetker,500g,2
Dr. Oetker,425g,2
Dr. Oetker,405g,2
Dr. Oetker,385g,2
Dr. Oetker,370g,2
Dr. Oetker,330g,2
Dr. Oetker,320g,2
Dr. Oetker,317g,2
Dr. Oetker,315g,2
Dr. Oetker,300g,2
Dr. Oetker,3 Each,2
Dr. Oetker,185g,2
Dr. Oetker,137g,2
Dr. Oetker,106g,2
Dr. Oetker,105g,2
Dr. Oetker,Vegan340g,1
Dr. Oetker,Tradiz Mozz Pesto,1
Dr. Oetker,Tomato & Mozzarella185g,1
Dr. Oetker,Spinaci390g,1
Dr. Oetker,Speciale330g,1
Dr. Oetker,Pollo Chicken355g,1
Dr. Oetker,Pepperoni685g,1
Dr. Oetker,Pepperoni395g,1
Dr. Oetker,Pepperoni Pesto360g,1
Dr. Oetker,Mozzarella325g,1
Dr. Oetker,Mozzarella - Lactose Free370g,1
Dr. Oetker,Margherita330g,1
Dr. Oetker,Lemon Pie Filling & Dessert Mix,1
Dr. Oetker,Gluten Free556g,1
Dr. Oetker,Gius Stfd Crst Dlx,1
Dr. Oetker,Gius Std Crt 4 Chs,1
Dr. Oetker,Gius Std Crt 3 Meat,1
Dr. Oetker,Gius Std Crst Pepp,1
Dr. Oetker,Extra Large30 Each,1
Dr. Oetker,Easy Pizzi 3 Cheese3 Each,1
Dr. Oetker,Dr. Oetker Pie Crust Mix,1
Dr. Oetker,Deluxe771g,1
Dr. Oetker,Deluxe3 Each,1
Dr. Oetker,Creme Caramel105g,1
Dr. Oetker,Coconut Pie Filling & Dessert Mix,1
Dr. Oetker,Classic Canadian410g,1
Dr. Oetker,Cheese & Garlic317g,1
Dr. Oetker,9 grams,1
Dr. Oetker,84g,1
Dr. Oetker,700g,1
Dr. Oetker,6x9g,1
Dr. Oetker,550g,1
Dr. Oetker,50g,1
Dr. Oetker,50 Calories Milk Chocolate Mousse38g,1
Dr. Oetker,4 Cheese685g,1
Dr. Oetker,4 Cheese660g,1
Dr. Oetker,4 Cheese410g,1
Dr. Oetker,4 Cheese340g,1
Dr. Oetker,38g,1
Dr. Oetker,360g,1
Dr. Oetker,340g,1
Dr. Oetker,328g,1
Dr. Oetker,325g,1
Dr. Oetker,3 Meat724g,1
Dr. Oetker,3 Meat395g,1
Dr. Oetker,2x10g,1
Dr. Oetker,28g,1
Dr. Oetker,270g,1
Dr. Oetker,250g,1
Dr. Oetker,212g,1
Dr. Oetker,2 Each,1
Dr. Oetker,164g,1
Dr. Oetker,160g,1
Dr. Oetker,130g,1
Dr. Pepper,6 Each,2
Dr. Pepper,1 Each,2
Dr. Pepper,Dr Pepper Zero Sugar 2l,1
Dr. Pepper,Dr Pepper Zero Sugar 12x355ml,1
Dr. Pepper,DR PEPPER,1
Dr. Pepper,6x710ml,1
Dr. Pepper,6x222ml,1
Dr. Pepper,591ml,1
Dr. Pepper,473ml,1
Dr. Pepper,355ml Cans12 Each,1
Dr. Pepper,2l,1
Dr. Pepper,24 Each,1
Dr. Pepper,2 Litre,1
Dr. Pepper,1l,1
Dr. Pepper,12x355ml,1
Dr. Pepper,12 Each,1
Dr. Praeger's,283g,6
Dr. Willi Knoll,10 x 400g,1
Dr.Oetker,685g,2
Dr.Oetker,385g,2
Dr.Oetker,771g,1
Dr.Oetker,724g,1
Dr.Oetker,576g,1
Dr.Oetker,480g,1
Dr.Oetker,415g,1
Dr.Oetker,375g,1
Dr.Oetker,328g,1
Dr.Oetker,164g,1
Dr.Oetker,137g,1
Dr.Oetker,133g,1
Dr.Oetker,111g,1
DrPepper,12x355ml,1
Dream Pops,118ml,6
Dream Pops,85g,3
Dream Pops,118 Millilitre,2
Dream Pretzels,150g,4
Dream Whip,170g,4
Drizzilicious,113g,10
Drizzilicious,210g,3
Drizzilicious,"this chocolatey drizzled rice cake brings the campfire to you.
and totally satisfying but won't ruin your diet.
A Delicious Obsession&",1
,,
Drizzilicious,"rich caramel flavor with that perfect balance of a sweet and salty crunch.
and totally satisfying but won't ruin your diet.
A Delicious Obsession?- Unlike those weight los",1
,,
Drizzilicious,l- Bites Salted Caramel,1
Drizzilicious,Why limit your birthday to one day a year!? It can be your birthday every day with our birthday cake drizzled rice cakes.,1
Drizzilicious,"Satisfy your sweet cravings with Drizzilicious Birthday Cake Bites
A delightful 113g pack of mini rice cakes featuring an irresistible combination of chocolate drizzle and vibrant sprinkles.
Key Features:
Vegan Delight: Drizzilicious ensures a guilt-free snacking experience with ",1
,,
Drizzilicious,L- Bites Very Berry GF,1
Drizzilicious,L- Bites French Toast GF,1
Drizzilicious,L- Bites Cookies and Cream,1
Drizzilicious,"A smart little snack you can feel really good about
Non-GMO
Peanut Free
Nothing Artificial
Kosher
",1
,,
Drizzle,500g,2
Droga,1kg,1
Drumstick,4x140ml,4
Drumstick,4x135ml,4
Drumstick,946ml,3
Drumstick,6x63ml,3
Drumstick,4x130ml,3
Drumstick,6x66ml,2
Drumstick,8x140ml,1
Drumstick,540ml,1
Drumstick,4x120ml,1
Drumstick,1080ml,1
Drumstick,1.3l,1
Drumstick,1.1l,1
Dsseng,Dsseng Tofu Press Bricks Firm Tofu or Extra Firm Tofu Improve Flavor and Texture Tofu Drainer Mess-free Design DIY Tofu Maker,1
Du Olival,450g,1
Du Village,450g,1
DuBreton,4x100g,3
DuBreton,454g,2
DuBreton,170g,1
Dubble Bubble,495g,3
Dubble Bubble,113g,3
Dubble Bubble,1.11kg,2
Dubble Bubble,742g,1
Dubble Bubble,66g,1
Dubble Bubble,454g,1
Dubble Bubble,4 Each,1
Dubble Bubble,1.1kg,1
Ducal,426g,1
Ducal,425g,1
Ducales,294g,2
Duche de Longueville,750ml,4
Duda Farms,454g,2
Due Vittorie,250 Millilitre,1
Dufflet,650g,2
Dufflet,550g,2
Dufflet,500g,2
Dufflet,530g,1
Dufflet,4 un - 320g,1
Dufflet,300g,1
Duhaime,60ml,3
Duinkerken,Duinkerken Pumpkin Spice Bread & Muffin Mix,1
Duinkerken,Duinkerken Pie Crust Mix,1
Duinkerken,DUINKERKEN PIZZA CRUST MIX,1
Duinkerken,BAKED DONUT MIX,1
Duinkerken,500g,1
Duinkerken,470g,1
Duinkerken,380g,1
Dumas,6x300.0g,1
Duncan Hines,629g,2
Duncan Hines,500g,1
Dunham Meats,2x150g,3
Dunham Meats,4x55g,2
Dunn's,340g,1
Dunns River,540g,1
Dunya,1.82kg,1
Dunya Harvest,567g (20 oz),2
Dunya Harvest,Dunya Harvest Seeds Blend,1
Dunya Harvest,Dunya Harvest Hemp Seeds Hulled,1
Dunya Harvest,DH Sorghum,1
Dunya Harvest,DH Jasmine Rice,1
Dunya Harvest,DH Bulgur Medium,1
Dunya Harvest,DH Basmati Rice,1
Duran,360g,1
Durasafe Cases,iPad Pro 9.7 inch Soft Silicone Back Case A1673mlMP2VC/A MM172VC/AmlMN2VC/AmlMQ2VC/A A1674 A1675mlMW2VC/AmlMX2VC/A MM192VC/AmlMV2VC/AmlN02VC/AmlMY2VC/AmlN12VC/A MM1A2VC/AmlPY2VC/A - Orange,1
Durasafe Cases,iPad PRO 9.7 Inch [ PRO 2016 ] A1673 A1674mlPX2VC/AmlPW2VC/AmlPY2VC/AmlYJ2VC/A Trifold Soft Silicone Shock Proof Magnetic Flip Case - Gold,1
Durra,454g,2
Dutch Boy,250g,2
Dutch Crunch,200g,4
Dutch Crunch,504g,1
Dutchman's Gold,1kg,2
Dutchman's Gold,500g,1
Dwarf Stars,42g,1
Dykeview Farms,Red onions 3lb,1
Dynasty,218ml,1
Dynasty Meats,300g,2
D¨¦lice d'Autrefois,500ml,1
D¨¦lifruits,375g,1
E-4C FOODS,E-4C FOODS 4C GF SEAS 340G,1
E-4C FOODS,E-4C FOODS 4C GF PLAIN 340G,1
E-ACHVA,E-ACHVA CAKE CHOCOLATE,2
E-ACHVA,CAKE MARBLE,2
E-ACHVA,E-ACHVA HALVA SF GIFT BOX,1
E-ACHVA,E-ACHVA HALVA MARBLE,1
E-ACHVA,E-ACHVA CAKE MARBLE,1
E-ACHVA,E-ACHVA CAKE CHOC CHIP,1
E-AFOD,WHITE LOTUS PASTE MOONCAKE W EGG YOLK,1
E-AGT,EGGPLANT DIP,1
E-AGT,E-AGT CHICK PEAS DIP,1
E-AGT,BULGOR WHEAT,1
E-AL PREMIUM,Sunnymark Dried Baby Shrimp,1
E-AL PREMIUM,E-AL PREMIUM SODA KOLA FLAVORED,1
E-AL PREMIUM,E-AL PREMIUM PTI CINN RND,1
E-AL PREMIUM,E-AL PREMIUM NUPAK-L.G.PARBOILED,1
E-AL PREMIUM,E-AL PREMIUM MAYTE SALTED PCHIPS,1
E-ALTRA,TORTELLINI CHEESE,2
E-ALTRA,TOFFEES,2
E-ALTRA,SWEETS,2
E-ALTRA,STRW CRISPY BAR,2
E-ALTRA,SOUP CHICKEN NOODLE,2
E-ALTRA,PANCAKES SPINACH,2
E-ALTRA,GNOCCHI,2
E-ALTRA,GEFILTE FISH,2
E-ALTRA,E-ALTRA WHITE WINE VINEGAR,2
E-ALTRA,E-ALTRA WHITE RICE VINEGAR,2
E-ALTRA,E-ALTRA SELTZER POMEGR BLUEB,2
E-ALTRA,E-ALTRA RED WINE VINEGAR,2
E-ALTRA,E-ALTRA PRETZEL SUPER STICK,2
E-ALTRA,E-ALTRA PANKO CRUMB WW,2
E-ALTRA,E-ALTRA GUM -SPEARMINT,2
E-ALTRA,E-ALTRA EGG NOODLES FINE,2
E-ALTRA,E-ALTRA DRESSING FRENCH,2
E-ALTRA,E-ALTRA DRESSING,2
E-ALTRA,E-ALTRA CHOC BAR MILK ALMOND,2
E-ALTRA,E-ALTRA BRUSSELS SPROUTS,2
E-ALTRA,E-ALTRA BARS CRISP FRUIT,2
E-ALTRA,CRACKERS,2
E-ALTRA,CHOC BAR COCOA BEANS,2
E-ALTRA,WAFERS,1
E-ALTRA,WAFER VANILLA,1
E-ALTRA,WAFER LEMON,1
E-ALTRA,WAFER COFFEE,1
E-ALTRA,WAFER CHOCOLATE,1
E-ALTRA,VEGETABLE NDLES SOUP,1
E-ALTRA,TOMATO SAUCE,1
E-ALTRA,SPICE,1
E-ALTRA,SOUP VEGETABLE,1
E-ALTRA,SOUP TUSCAN lENTIl,1
E-ALTRA,SOUP PEA,1
E-ALTRA,SOUP MINESTRONE,1
E-ALTRA,SOUP CHILI,1
E-ALTRA,SOUP BLACK BEAN,1
E-ALTRA,SOUP BARLEY & MUSH,1
E-ALTRA,SOUP,1
E-ALTRA,SORBETTO RAINBOW,1
E-ALTRA,SNACK,1
E-ALTRA,SMOKED BBQ RUB,1
E-ALTRA,SEA SALT,1
E-ALTRA,PRETZELS WAFFLES,1
E-ALTRA,PRETZELS,1
E-ALTRA,PIZZA BAGEL-18,1
E-ALTRA,"PIE SHELL 9"" 2PK",1
E-ALTRA,OLIVE OIL ZATAR,1
E-ALTRA,OIl,1
E-ALTRA,NS SOUP VEGETABLE,1
E-ALTRA,NS SOUP PEA,1
E-ALTRA,L-OIL OLIVE EX VIRG,1
E-ALTRA,JELLIES,1
E-ALTRA,HEARTS OF PALM WHOLE,1
E-ALTRA,GUM,1
E-ALTRA,GEFILTE FISH IN JAR,1
E-ALTRA,E-AlTRA SAUCE CHIlI PINEAPPl,1
E-ALTRA,E-AlTRA OIl,1
E-ALTRA,E-AlTRA MAMA FARFEl,1
E-ALTRA,E-AlTRA DRESSING lITE ITAl,1
E-ALTRA,E-AlTRA CRISP RICE ORIGINAl,1
E-ALTRA,E-AlTRA COUSCOUS PEARl,1
E-ALTRA,E-ALTRA WAFER MINI BAGS,1
E-ALTRA,E-ALTRA WAFER COATED W/ TRAY,1
E-ALTRA,E-ALTRA VARIETY VEG SOUP,1
E-ALTRA,E-ALTRA TOASTED PASTA RICE,1
E-ALTRA,E-ALTRA TEA LIGHTS BAG 50PC,1
E-ALTRA,E-ALTRA TEA LIGHTS BAG 100PC,1
E-ALTRA,E-ALTRA SUSHI GINGER,1
E-ALTRA,E-ALTRA SPLIT PEA SOUP,1
E-ALTRA,E-ALTRA SOUP MIX,1
E-ALTRA,E-ALTRA SOUP CHICKEN NO MSG,1
E-ALTRA,E-ALTRA SNAKPAK BBQ,1
E-ALTRA,E-ALTRA SNACKSHOTS MIX-EM,1
E-ALTRA,E-ALTRA SNACKSHOTS BBQ,1
E-ALTRA,E-ALTRA SELTZER RASPBERRY,1
E-ALTRA,E-ALTRA SELTZER ORANGE,1
E-ALTRA,E-ALTRA SELTZER KIWI STRAWBE,1
E-ALTRA,E-ALTRA SELTZER BLACK CHERRY,1
E-ALTRA,E-ALTRA SELTZER,1
E-ALTRA,E-ALTRA SAUCE TERIYAKI,1
E-ALTRA,E-ALTRA SAUCE SWEET CHILI,1
E-ALTRA,E-ALTRA SAUCE SWEET & SOUR,1
E-ALTRA,E-ALTRA SAUCE SRIRACHA HOT,1
E-ALTRA,E-ALTRA SAUCE SOY LITE,1
E-ALTRA,E-ALTRA SAUCE SOY,1
E-ALTRA,E-ALTRA SAUCE SESAM TERIYAKI,1
E-ALTRA,E-ALTRA RICE STICKS 3MM KPY,1
E-ALTRA,E-ALTRA PRUNES DRIED PITTED,1
E-ALTRA,E-ALTRA PESTO SAUCE,1
E-ALTRA,E-ALTRA PANKO CRUMB SPICY,1
E-ALTRA,E-ALTRA PANCAKES SPINACH,1
E-ALTRA,E-ALTRA ONIONS,1
E-ALTRA,E-ALTRA OIL SESAME KPY,1
E-ALTRA,E-ALTRA MUSHROOMS NDLES SOUP,1
E-ALTRA,E-ALTRA MINI L GRAPE JUICE,1
E-ALTRA,E-ALTRA JAMS PEACH KPY,1
E-ALTRA,E-ALTRA JAMS BLUEBERRY KPY,1
E-ALTRA,E-ALTRA JAM STRAWBERRY KPY,1
E-ALTRA,E-ALTRA JAM MIX BERRY KPY,1
E-ALTRA,E-ALTRA JAM APRICOT KPY,1
E-ALTRA,E-ALTRA GUM FRUIT MINT,1
E-ALTRA,E-ALTRA GUM FRESH MINT,1
E-ALTRA,E-ALTRA GRILLED PEPPERS,1
E-ALTRA,E-ALTRA GOURMET GEFILTE FISH,1
E-ALTRA,E-ALTRA GINGER&CITRUS W/NANA,1
E-ALTRA,E-ALTRA FISH FILLET WEDGES,1
E-ALTRA,E-ALTRA EGG NOODLES MEDIUM,1
E-ALTRA,E-ALTRA EGG NOODLES EX FINE,1
E-ALTRA,E-ALTRA EARL GREY TEA 25PK,1
E-ALTRA,E-ALTRA DRESSING RANCH,1
E-ALTRA,E-ALTRA DRESSING MIX SEAS,1
E-ALTRA,E-ALTRA CROUTONS ITALIAN,1
E-ALTRA,E-ALTRA CROUTONS CAESAR,1
E-ALTRA,E-ALTRA CRISP RICE RAINBOW,1
E-ALTRA,E-ALTRA CRACKER NISH NASH,1
E-ALTRA,E-ALTRA COUSCOUS TRI-COLOR,1
E-ALTRA,E-ALTRA COUSCOUS PASTA,1
E-ALTRA,E-ALTRA COUSCOUS,1
E-ALTRA,E-ALTRA COOKIES CHOCOLATE,1
E-ALTRA,E-ALTRA CHOCOLATE BAR DARK,1
E-ALTRA,E-ALTRA CHOC BAR MILK,1
E-ALTRA,E-ALTRA CHOC BAR DARK HAZLNT,1
E-ALTRA,E-ALTRA CHOC BAR DARK ALMOND,1
E-ALTRA,E-ALTRA CHOC BAR DARK 72%,1
E-ALTRA,E-ALTRA CHICKEN NOODLES SOUP,1
E-ALTRA,E-ALTRA CHICKEN NDL SOUP,1
E-ALTRA,E-ALTRA CHAMOMILE TEA 20PK,1
E-ALTRA,E-ALTRA BALSAMIC VINEGAR,1
E-ALTRA,E-ALTRA APRICOTS TURKISH,1
E-ALTRA,E-ALTRA ALMONDS SLIVERED,1
E-ALTRA,E-ALTRA ALMONDS SLICED,1
E-ALTRA,CHOCOLATE CHIPS,1
E-ALTRA,CHICKEN,1
E-ALTRA,CANDY,1
E-ALTRA,BLINTZ BLUEBERRY,1
E-ALTRA,BLINTZ APPLE RAISIN,1
E-AMIRA,AMIR-SPICY SAUCE,1
E-AMUL,SAFFRON LATTE,1
E-AMUL,E-AMUL SAFFRON LATTE,1
E-AMUL,E-AMUL PINA COLADA,1
E-AMYS ORGANIC,Mac & 3 Cheese with Cauliflower Bowl,1
E-AMYS ORGANIC,E-AMYS ORGANIC TOFU SCMBL WRAP,1
E-AMYS ORGANIC,E-AMYS ORGANIC THAI RED CURRY,1
E-AMYS ORGANIC,E-AMYS ORGANIC BN & RICE BURRITO ND,1
E-AMYS ORGANIC,E-AMYS ORGANIC BN & CHEESE BURRITO,1
E-AMYS ORGANIC,Amy's Kitchen Veggie loaf Whole Meal,1
E-AMYS ORGANIC,Amy's Kitchen Spinach & Ricotta Cheese Ravioli Bowl,1
E-ANGIE'S,E-ANGIE'S ANG 8/255G SEA SALT,2
E-ANGIE'S,ANG 8/255G SEA SALT,1
E-ANGIE'S,(255 gram bag),1
E-APO PRODUCT LTD,E-APO PRODUCT LTD BOY BAWANG BBQ,1
E-AURORA,400ml,2
E-AURORA,RIGATONI PASTA,1
E-AURORA,POTATO GNOCCHI,1
E-AURORA,PENNE RIGATE PASTA,1
E-AURORA,FETTUCCE PASTA,1
E-AURORA,E-AURORA POTATO GNOCCHI,1
E-AURORA,E-AURORA LE VENEZIANE PENNE R,1
E-AURORA,E-AURORA AURORA GNOCCHI,1
E-AURORA,500 G,1
E-AURORA,400 G,1
E-BASSETTS,E-BASSETTS JELLY BABIES,1
E-BEAN VIVO,283G,4
E-BEAVER TAILS,BEAVER CREAMY SPREAD,1
E-BGGR,E- BGGR STRWBERRY,1
E-BIBIGO,1.5lbs per bag,3
E-BIBIGO,Jammies strawberry jelly sandwich,1
E-BIKAJI,E-BIKAJI BIKAJI ALOO BHUJIA,1
E-BIKAJI,BIKAJI KURRAM KURRAM,1
E-BIKAJI,BIK TAND GARLIC NAAN,1
E-BISTRO,Ben's Original Bistro Express Tik Masala,1
E-BLENDER BITES,Just Add Liquid 360g,1
E-BRARS,E-BRARS HAPPY DAIRY PANEER,1
E-BRARS,400g,1
E-BRETON,173g,1
E-BRITISH CLASS,Fox's Jam'n' Creams 150g,1
E-BRITISH CLASS,Colman's Horseradish Sauce 165g,1
E-BRITISH CLASS,Colman's Engish Mustard 100g,1
E-CAFE BARISTA,300g,1
E-CAMIL,CAMIL SEASONED PINTO,1
E-CANADA DRY,Canada Dry Raspberry Lemonade Ginger Ale brings the crisp and refreshing taste of Ginger Ale blended with a delicious twist of raspberry lemonade flavour.,1
E-CANADA DRY,6X710ml,1
E-CANDA SIX FORTUNE,PRK MR DMPG,1
E-CANDA SIX FORTUNE,E-CANDA SIX FORTUNE TS GRAS JELLY DRK-6P,1
E-CANDA SIX FORTUNE,BF MTBAll,1
E-CANDESA,E-CANDESA GOYA YELLOW RICE,1
E-CAPTAIN CRUNCH,E-CAPTAIN CRUNCH CAP'NBLUEBERRYPCK,1
E-CASA BONITA,Real Cheese Salsa with Jalapeno,1
E-CASA BONITA,Real Cheese Salsa with Chipotle,1
E-CHAPMANS,6 x 90ml,1
E-CHARRAS,Size: 12.3oz,1
E-CHOLULA,CHOlUlA SAlSA ORIGINAl,1
E-CHOLULA,CHOLULA SALSA VERDE,1
E-CHRISTIE KIDS,POKE COCOA 150G,1
E-CLOVER LEAF,Tuna Salad Couscous & OO 160g,1
E-CLUB HOUSE,E-CLUB HOUSE VEGETA SEASONING,1
E-COFFEE MATE,828ml,1
E-COMPASS,140g,1
E-COMPASS,120g,1
E-CORINTHIAN,MYSAN GRAHAM CRACKER,1
E-CRAVE,278g,1
E-CRISCO,Crisco All Vegtable Shortening,2
E-CROWN,Squeezi Real Fruit Mango 4pk,1
E-CROWN,Sorbetto Premium Pom Berry,1
E-CROWN,Sorbetto Premium Mango,1
E-CROWN,Salmon Burgers Classic,1
E-CROWN,SWEET CORN WHOLE,1
E-CROWN,S - Salmon Steelhead Smoked,1
E-CROWN,S - Salmon Sockeye Smoked,1
E-CROWN,MINI SOUP CROUTONS,1
E-CROWN,M - Salmon Sockeye Smoked PY,1
E-CROWN,M - Salmon Coho Smoked PY,1
E-CROWN,L - Salmon Steelhead Smoked PY,1
E-CROWN,L - Salmon Steelhead Bits Smoked,1
E-CROWN,FINE EGG NOODLES,1
E-CROWN,E-CROWN COUSCOUS TRADITIONAl,1
E-CROWN,E-CROWN BABY CORN WHOLE,1
E-CROWN,E-CROWN BABY CORN CUT,1
E-CRUSH,E-CRUSH CRUSH CREAM 591ml,1
E-D ARBO,D'ARBO STRAW,1
E-DAAWAT,E-DAAWAT DAWAT ORG SONA MASRI,1
E-DAINTY,E-DAINTY VANILLA CUPCAKE MIX,1
E-DAINTY,E-DAINTY FUDGY BROWNIE MIX,1
E-DAINTY,E-DAINTY CHOCOLATE CAKE MIX,1
E-DANONE ACTIVIA,Activia M12 Peach Blueberry Vanilla Str-Kiwi,1
E-DANONE ACTIVIA,2 x 150g,1
E-DANONE ACTIVIA,12 x 95g,1
E-DANONE DANINO GO,6X93ml,4
E-DARE,E-DARE JUICEE BEANS 250 GR,1
E-DAVIDSTEA,E-DAVIDSTEA DVDT COLD 911,1
E-DE CECCO,DeCecco Tagliatelle,1
E-DE CECCO,DeCecco Sugo Alla Napolitana,1
E-DE CECCO,DeCecco Sugo All'Arabbiata,1
E-DE CECCO,DeCecco Spaghettini 454g,1
E-DE CECCO,DeCecco Penne Rigate 454g,1
E-DE CECCO,DeCecco Pappardelle,1
E-DE CECCO,DeCecco Linguine 454g,1
E-DE CECCO,DeCecco Lasagna 454g,1
E-DE CECCO,DeCecco Fettucine,1
E-DELCATO,DELCATO BF CROQUTS,1
E-DOLE,or preservatives,2
E-DORA,E-DORA DORA RASPB LIGHT JAM,1
E-DORA,E-DORA DORA PLUS CITRUS,1
E-DORA,DORA STRAWBERRY lIGHT 500ml,1
E-DORA,DORA MORE STRAW,1
E-DORA,DORA MORE RASP,1
E-DORA,DORA MORE BLUE,1
E-DORA,DORA BlUEBERRY lIGHT 500ml,1
E-DORA,DORA 3 FRUITS lIGHT 500ml,1
E-DR OETKER,Tradiz Special,1
E-DR OETKER,Tradiz Salame Rom,1
E-DUINKERKEN,GINGERBREAD MIX,1
E-EXCELLENCE,100g,1
E-FANTA,8 x 300ml,1
E-FANTA,500ml,1
E-FANTA,355ml,1
E-FANTA,2l,1
E-FIORFIORE,HOT MIXED VEGETABLES,1
E-FIORFIORE,GRILLED PEPPERS,1
E-FIORFIORE,EGGPlANTS IN OIl,1
E-FIVE,WHITE GLUTINOUS RICE,1
E-FIVE,TONKOTSU RAMEN NOOD,1
E-FIVE,RICE CAKE STICK,1
E-FIVE,MISO RAMEN NOODLES,1
E-FIVE,Hata Strawberry Flavoured Ramune Soda,1
E-FIVE,Hata Orange Flavoured Ramune Soda,1
E-FIVE,GUXIN YELLOW MILLET,1
E-FIVE,GUXIN SOYBEAN,1
E-FIVE,GUXIN RED BEANS,1
E-FIVE,GUXIN MUNG BEANS,1
E-FIVE,E-FIVE YSP COCONUT DRINK,1
E-FIVE,E-FIVE WHITE GLUTINOUS RICE,1
E-FIVE,E-FIVE RICE CAKE SLICE,1
E-FIVE,E-FIVE GUXIN BLACK MILLET,1
E-FIVE,CHES&FISHCK CORNDOGS,1
E-FIVE,582g,1
E-FOLGERS,FG HLZNUT CRM 30CT,1
E-FOLGERS,FG FRNCH VNILLA 272G,1
E-FOLGERS,E-FOLGERS FG FRNCH VNILLA 272G,1
E-GATORADE,G FIT CIT BRY 500,1
E-GEDILLA,LIGHT MICROW POPCORN,1
E-GEDILLA,E-GEDILLA SNACK CRACKER SALTED,1
E-GEDILLA,E-GEDILLA CORN SNACKS LARGE,1
E-GEFEN,E-GEFEN PASTA SC W/ BASIl,2
E-GEFEN,E-GEFEN FF CLASSIC PASTA SC,2
E-GEFEN,E-GEFEN VODKA PASTA SAUCE,1
E-GEFEN,E-GEFEN CHESTNUT ROAST PEEl,1
E-GHIRARHELLI,GHIRARHELLI GHR MILK CRml SS BAG 151g,1
E-GLICKS,PIE CRUST,2
E-GO PURE,GOPURE SOFTB BANA,1
E-GO PURE,GOPURE SOFTB APPl,1
E-GO PURE,GOPURE OAT.ORCHARD,1
E-GORDON RAMSAY,GR Slw Rstd Beef,1
E-GRACE,PAN YELLOW CORN FLOR,1
E-GRACE,La Morena Refried Black Beans w/Jalapeno,1
E-GRACE,La Morena Refr Bayo Beans w/Chip & Adobo,1
E-GRACE,La Morena Nacho Jalapeno Peppers,1
E-GRACE,La Morena Green Mexican Sauce,1
E-GRACE,La Morena Chipotle Sauce,1
E-GRACE,E-GRACE PAN WHITE CORN MEAl,1
E-GRACE,E-GRACE GRACE LON GRAIN P RC,1
E-GRACE,E-GRACE GRACE CORNED BEEF,1
E-GRACE,E-GRACE GR MNG SODA,1
E-GRACE,E-GRACE GR MNDR SODA,1
E-GREAT VALUE PL,850g,5
E-GREAT VALUE PL,1.7kg,4
E-GREAT VALUE PL,500g,3
E-GREAT VALUE PL,352ml (4 x 88ml),3
E-GREAT VALUE PL,E-GREAT VALUE PL NUPAK CHICK PEAS,2
E-GREAT VALUE PL,900g,2
E-GREAT VALUE PL,427g,2
E-GREAT VALUE PL,3.17kg,2
E-GREAT VALUE PL,12 Count,2
E-GREAT VALUE PL,GV YELLOW GREEN BE,1
E-GREAT VALUE PL,E-GREAT VALUE PL NUPAK BK TURTLE BEAN,1
E-GREAT VALUE PL,E-GREAT VALUE PL CANNED PUMPKIN PUREE,1
E-GREAT VALUE PL,544g,1
E-GREAT VALUE PL,400 g (0.88 lb),1
E-GREAT VALUE PL,375g,1
E-GREAT VALUE PL,350 g (0.77 lb),1
E-GREAT VALUE PL,340g,1
E-GREAT VALUE PL,300g,1
E-GREAT VALUE PL,2kg,1
E-GREAT VALUE PL,28g,1
E-GREAT VALUE PL,1.04kg,1
E-GREEN GIANT,Simply Steam Summer Sweet Peas,1
E-GREEN GIANT,Simply Steam Season Corn 269g,1
E-GREEN GIANT,Simply Steam Peaches & Cream C,1
E-GREEN GIANT,Simply Steam Cut Brocc & Cauli,1
E-GREEN GIANT,Simply Steam Brussel Sprouts.,1
E-GREEN GIANT,Riced Veggies Cauli Blend 283g,1
E-GREEN GIANT,Nibblers Sweet Corn-on-the-Cob,1
E-GREEN GIANT,Green Giant* Broc & Cheese Tot,1
E-GREEN GIANT,Green Giant Veg Fries Zucchini,1
E-GREEN GIANT,Green Giant Cauliflower Riced.,1
E-GREEN GIANT,Green Giant Cauli Riced Medley,1
E-HADDAR,E-HADDAR TRIOSH BISCUITS,2
E-HADDAR,E-HADDAR PRETZEL HONEYBRAIDED,2
E-HADDAR,E-HADDAR PRETZELS HONEY WHEAT,1
E-HAGEN DAZS,216ml,1
E-HALO TOP,437ml,1
E-HERSHEY,WHOPPERS and OH HENRY! snack sized candy bars.,2
E-HERSHEY,TWIZZLERS candy and JOLLY RANCHERS gummies.,1
E-HERSHEY,Contains 50 pieces of your favourite TWIZZLERS candy and JOLLY RANCHERS gummies.,1
E-HERSHEY,582g,1
E-HERSHEY,513g,1
E-HERSHEY,1.17kg,1
E-HERSHEY,1.013kg,1
E-HOYA,HO-YA SRIRACHA SAUCE,1
E-HP SAUCE,Fruity Sweet pickle sauce,1
E-ICBINB,427g,1
E-IOGO,16x100g,2
E-IOGO,IOGO 0%STR-VAN-PC-RA,1
E-JACK DANIELS BBQ,J.D. HNY BBQ SCE,1
E-JELLY BELLY,JB SOUR GUMMIES,1
E-JELLY BELLY,JB ASST GUMMIES,1
E-JET PUFF,JET PUFF 400G WEST,1
E-JUST,JUST Egg plant liquid,1
E-KEG,E-KEG KEG HORSERADISH,1
E-KELLOGGS,SPK HNY CRl,1
E-KELLOGGS,RX PB CHOCBAR,1
E-KELLOGGS,RX MINI'S 2FLVS,1
E-KELLOGGS,RX CHOC SSLT BAR,1
E-KELLOGGS,MW Original Mini CRL 430GX10,1
E-KELLOGGS,MW HNY CRl,1
E-KELLOGGS,FF STRWmlKSHK CRl,1
E-KELLOGGS,E-KELLOGGS RKSB CHOCCHIP CK,1
E-KELLOGGS,E-KELLOGGS CHZIT PARM RNCH CRKR,1
E-KELLOGGS,AB Original CRL 525GX10,1
E-KLEINS,BAGGED MANGO CHEEKS,2
E-KML,BLUERASPBCOTTONCAN,1
E-KNORR,E-KNORR CHICKEN BROTH MIX,1
E-KOHINOOR,Naagin Smoky Sauce,1
E-KOHINOOR,E-KOHINOOR KOHSLVR10LB,1
E-KRAFT,KRAFT ZESTY ITALIAN DRESSING 425,1
E-KRAFT,KRAFT THREE CHEESE RANCH DRE 425,1
E-KRAFT,KRAFT RANCHER'S CHOICE DRESSING 425,1
E-KRAFT,KRAFT PEPPERCORN RANCH DRE 425,1
E-KRAFT,KRAFT FRENCH DRESSING 425,1
E-KRAFT,KRAFT FAT FREE ITALIAN DRESSING 425,1
E-KRAFT,KRAFT CREAMY CUCUMBER DRESSING 425,1
E-KRAFT,KRAFT CREAMY CAESAR DRESSING 425,1
E-KRAFT,KRAFT COLESLAW DRESSING 425,1
E-KRAFT,KRAFT CATALINA DRESSING 425,1
E-KRAFT,KRAFT CAESAR W BACON DRESSING 425,1
E-KRAFT,KRAFT C-WISE POPPYSEED DRESSING 425,1
E-KRAFT,KRAFT BALSAMIC VIN DRESSING 425,1
E-KRAFT,KR SUNDRIED TOM & OREG DRE 425,1
E-KRAFT,KR GREEK FETA & OREGANO DRE 425,1
E-KRAFT,KR CREAMY POPPYSEED DRE 425,1
E-KRAFT,KR C-WISE RANCHER'S CHOICE DRE 425,1
E-KRAFT,KR C-WISE GK FETA & OREGANO DRE 425,1
E-KRAFT,KR C-WISE BALSAMIC VIN DRESSING 425,1
E-KRAFT DINNER,175g,1
E-LA CAGE,LA CAGE RANCH WINGS,1
E-LAST MOUNTAIN,E-LAST MOUNTAIN BLUEBERRY SPREAD,1
E-LAURA SECORD,SECORD EGG 150G,1
E-LAYS,448GM,3
E-LECLERC,GOPUR.SOFTBAKOATBAR,1
E-LECLERC,GOPUR.FR.OAT.BAR.ST.,1
E-LECLERC,GOPUR.FR.OAT.BAR.BL.,1
E-LECLERC,E-LECLERC NUGABAR.CHOCO.FUDGE,1
E-LINDT,LINDT HAPPY EASTER POUCH 82G,1
E-LOLA'S,Lola's Infused Sweet Roasted Reaper Salsa,1
E-LOLA'S,Lola's Infused Sweet & Spicy Mango Salsa,1
E-M&MS,E-M&MS M&MS MINIS PB,1
E-MAGGI,MAGGI CHICKEN CUBE,1
E-MAGGI,E-MAGGI MAGGI ALLPURP SEASON,1
E-MAGGI,E-MAGGI MAGGI 2MIN N SPICY/E,1
E-MATTY MATHESON,171g,1
E-MAXWELL HOUSE,CDN MH ORGNL R&G GRND 864GM 6,1
E-MCCORMICK,E-MCCORMICK MCC ZAATAR,1
E-MCCORMICK,E-MCCORMICK MCC GRMT CHIMICHURRI,1
E-MCCORMICK,E-MCCORMICK MCC GARAM MASALA,1
E-MINUTE RICE,MR RTS WHTRIC 2X125G,1
E-MONSTER ENERGY,MONSTER ZERO SUGAR,1
E-MONSTER ENERGY,E-MONSTER ENERGY MONSTER RESERVE WmlN,1
E-MONSTER ENERGY,E-MONSTER ENERGY MONSTER RESERVE PNPl,1
E-MONSTER ENERGY,710ml,1
E-MR GOUDAS,E-MR GOUDAS MUSHROOM 284ml,1
E-MYMOCHI,PREMIUM FROZEN DESSERT IN A SWEET RICE DOUGH,1
E-NANAK,MDH 850,1
E-NANAK,E-NANAK NANUK SMK COHO SLMN,1
E-NANAK,DAHI KEBAB 600G,1
E-NESTEA,10 x 200ml,1
E-NESTLE,E-NESTLE NTH SEMI-SWEET CHOCO,1
E-NESTLE,E-NESTLE NTH MILK CHOCO,1
E-NESTLE,E-NESTLE NTH DARKCHOCOLATE,1
E-NO BRAND IMPORT EX,750ml,2
E-OASIS,1.6l,2
E-OASIS,1.5l,2
E-OCEAN SPRAY,OSI SPRK CRANMAN 6PK,1
E-OCEAN SPRAY,OSI SPRK CRAN LT 6PK,1
E-OCEAN SPRAY,OSI SPRK CRAN 6PK,1
E-OCEANS,GS PINK SALMON 418G,1
E-OCEANS,GS Lemon Dill Salmon,1
E-OLD EL PASO,243ml,1
E-ORTEGA MEXICAN,And Authentic Mexican Meals!,1
E-PAM,PAM AVOCADO SPRAY,1
E-PASTENE,156ml,1
E-PEPSI,PEPSI ZSR LIME,1
E-PEPSI,PEPSI ZERO CHERRY,1
E-PEPSI,E-PEPSI PEPSI ZSR LIME?,1
E-PEPSI,E-PEPSI PEPSI ZERO CHERRY,1
E-PF CHANG'S,seafood and tofu,1
E-PF CHANG'S,pineapple juice concentrate and sake wine make bold and perfectly balanced flavours,1
E-PF CHANG'S,michiu flavoured wine and brown sugar.,1
E-PF CHANG'S,complemented with sweet and tangy flavours from apple juice concentrate and vinegar.,1
E-PLANT UP,Plant-Based Thai Stir-Fry,1
E-PLOCHMANS,5l,1
E-POWERADE,E-POWERADE PW ZS FRUIT PUNCH,1
E-PRESIDENT,220g,2
E-PRESIDENT,230g,1
E-PRESIDENT,200g,1
E-PRIME,PRIME TROPICAL PUNCH,1
E-PRIME,PRIME LEMONADE,1
E-PRIME,PRIME ICE POP,1
E-PRIME,E-PRIME PRIME LEMONADE,1
E-PRIME,E-PRIME PRIME ICE POP,1
E-PRIMO,PRIMO MEDIUM EGG NOODLES,1
E-PRIMO,PRIMO EXTRA BROAD EGG NOODLES,1
E-QUAKER,PRIME LEMON LIME,1
E-QUAKER,PRIME BLUE RASPBERRY,1
E-QUAKER,E-QUAKER PRIME META MOON,1
E-QUALITY NATURAL,SEGAI ORGANIC DATES,1
E-QUALITY NATURAL,ASEEL TAHINA,1
E-QUINTA QUINOA,QUINTA QUINOA,1
E-RED BARON,Red Baron Rising Crust Supreme,1
E-RED BARON,Red Baron Rising Crust Hawaiian,1
E-RED BARON,Red Baron Classic Crust 4 Meat,1
E-RED BARON,RED BARON Frozen Deep Dish 4 Cheese Single Serve Pizza,1
E-REDPATH,MITRPHOL FINE SUGAR,1
E-REDPATH,E-REDPATH MITRPHOL FINE SUGAR,1
E-REGAL,MARSHMALLOW CONES,1
E-REGAL,E-REGAL MARSHMALLOW CONES,1
E-REGAL,390g,1
E-REKO,E-REKO REKO PIZZELLE MAPLE,1
E-RICE STUFF,RICE STUFF WILD SIDE,1
E-RICE STUFF,RICE STUFF GO GRAIN,1
E-RICE STUFF,RICE STUFF ALL JAZZ,1
E-RICEWORKS,AVOCADO RANCH,1
E-RIGHTEOUS GELATO,RIGHTEOUS GELATO SEA SALTED CARAMEL-Caramel Gelato sprinkled with sea salt throughout.,1
E-RIGHTEOUS GELATO,RIGHTEOUS GELATO DARK CHOCOLATE CARAMELSEA SALT-Dark Chocolate Gelato made with Dutch Cocoa and ripples of caramel and sea salt sprinkled throughout.,1
E-RIGHTEOUS GELATO,RIGHTEOUS GELATO COOKIES & CREAM-Vanilla gelato with gluten free chocolate wafer cookies.,1
E-RODOLFI,680ml,3
E-RODOLFI,350ml,1
E-SAMYANG,TOPOKKI PEPPER PASTE,1
E-SAMYANG,THE KIMCHI,1
E-SAMYANG,E-SAMYANG OTG JINRAMEN SPICY,1
E-SAMYANG,E-SAMYANG JIN RAMEN MILD,1
E-SAMYANG,E-SAMYANG EG CCNmlK ORG,1
E-SAMYANG,E-SAMYANG EG BBL TEA TARO,1
E-SAMYANG,E-SAMYANG EG BBL TEA BLSUGAR,1
E-SAPPORO,Sapporo Flat Ndls - Hot and Spicy,1
E-SEARAY,SQUID CALIFORNIA WR,1
E-SEARAY,MUSSEL MT COOKED LP,1
E-SEARAY,BASA FILLET 10-14 VP,1
E-SHREDDIES,WAFFLE MINIS,1
E-SHREDDIES,SS SHREDDED WHEAT,1
E-SHREDDIES,POST SHREDDIES FS,1
E-SKITTLES,E-SKITTlES SKITTlES WB GEl,1
E-SKITTLES,E-SKITTlES SKITTlES ORG GEl,1
E-SKITTLES,E-SKITTLES SK SOUR GUMMIES 48G,1
E-SKITTLES,E-SKITTLES SK ORIGINAL 92G,1
E-SNO,3x120ml Laura Secord cone chocolate fudge,1
E-SOUTH WORD,E-SOUTH WORD SW ROCK SUGAR,1
E-SPRAGUE,PEAS CORN CARROT,1
E-SPRAGUE,PEAS,1
E-SPRAGUE,ORGANIC CHICK PEAS,1
E-SPRAGUE,E-SPRAGUE SPRAGUE MIXED VEG,1
E-SPRAGUE,E-SPRAGUE RED KIDNEYS,1
E-SPRAGUE,E-SPRAGUE CHICKPEAS,1
E-SPRAGUE,E-SPRAGUE BLACK BEANS,1
E-SPRAGUE,CRNBRRY WHL SAUCE,1
E-SPRAGUE,CRNBRRY JELLY SAUCE,1
E-SPRAGUE,CORN,1
E-SPRAGUE,BLACK LENTILS,1
E-SPRAGUE,BLACK BEANS,1
E-STARBURST,E-STARBURST STARBURST STRW GEl,1
E-STARBURST,E-STARBURST STARBURST CHERRY GEl,1
E-STARBURST,E-STARBURST STARBURST BlUE GEl,1
E-STASH TEA,E-STASH TEA BREAKFAST IN PARIS,1
E-STASH TEA,BREAKFAST IN PARIS,1
E-SUN PRIDE,SUN PRIDE CORN,1
E-SUNBULAH,E-SUNBULAH SPINACH VEGAN KIBBEH,1
E-SUNBULAH,E-SUNBULAH MARG PIZZA KIBBEH,1
E-SUNBULAH,E-SUNBULAH BUT CHICKEN KIBBEH,1
E-SUNBUTTER,Jammies strawberry jelly sandwich,1
E-SUNBUTTER,Jammies grape jelly sandwich,1
E-SUNMAID,Sun-Maid Yogurt covered Raisins,1
E-SWEET WORKSHOP,SWIRL POP,1
E-SWEET WORKSHOP,LLAMA/NARWH/UNIC MM,1
E-SWEET WORKSHOP,JELLY UNICORN KEBAB,1
E-SWEET WORKSHOP,JELLY SUMMER KEBAB,1
E-SWEET WORKSHOP,ICE CREAM MARSHM,1
E-SWEET WORKSHOP,E-SWEET WORKSHOP SWIRL POP,1
E-SWEET WORKSHOP,E-SWEET WORKSHOP LLAMA/SLOTH/UNIC POP,1
E-SWEET WORKSHOP,E-SWEET WORKSHOP LLAMA/NARWH/UNIC MM,1
E-SWEET WORKSHOP,E-SWEET WORKSHOP JELLY UNICORN KEBAB,1
E-SWEET WORKSHOP,E-SWEET WORKSHOP JELLY SUMMER KEBAB,1
E-SWEET WORKSHOP,E-SWEET WORKSHOP ICE CREAM MARSHM,1
E-Siwin,Pork & Veg Mini Wonton,1
E-TETLEY,TETLEY ORPE 216CT,2
E-TETLEY,E-TETLEY TETLEY OP DECAF 80CT,2
E-TETLEY,TETlEY lIVE BAl,1
E-THE KEG,diced almonds and chunks of cookie crumble crust. Sharing is simply an option.,1
E-TIM HORTONS,TH WHOLE BEAN 907G,1
E-TIM HORTONS,TH GRANOLA CAF?MOCHA,1
E-TIM HORTONS,E-TIM HORTONS TH GRANOLA CAF?MOCHA,1
E-TRIPLE LEAF,TL SP. RELAXING TEA,1
E-TWINKLE,PINK SPRINKLES,1
E-TWINNINGS,TWINING RSBRYLMN 20S,1
E-TWINNINGS,TWINING PCH&ORNG 20S,1
E-TWINNINGS,TWINING ENGBKFT 100S,1
E-TWINNINGS,TWINING CAMOMILE 50S,1
E-ULKER,ULKER TEA BISCUIT,1
E-ULKER,ULKER HALLEY BISCUIT,1
E-ULKER,E-ULKER ULKER TEA BISCUIT,1
E-ULKER,E-ULKER ULKER HALLEY BISCUIT,1
E-UNFI,KIND Thins Nuts Sea Salt & Dark Chocolate,1
E-UNILEVER,473ml,2
E-V8,V8 SPICY,1
E-V8,E-V8 V8 SPICY,1
E-VEL BAR,ALMOND BERRY,2
E-VERKA,VRK MUSTARD OIl,1
E-VERKA,VRK CLASSIC BSMTRICE,1
E-VERKA,VRK BESAN FLOUR,1
E-VERKA,SUGRAIN DEMERARA 1KG,1
E-VERKA,SDF ZAATAR GREEN,1
E-VERKA,SDF TOMATO PASTE,1
E-VERKA,SDF TOM PASTENOSALT,1
E-VERKA,SDF PKl CUCUMBER DIl,1
E-VERKA,SDF PKL MINI CUCUMBE,1
E-VERKA,SDF PKL CUCUMBER,1
E-VERKA,SDF LIMEJUICESHIRAZ,1
E-VERKA,SDF HALVA PISTACHIO,1
E-VERKA,SDF FALAFEL MIX ORI,1
E-VERKA,SADAF LRG LIMA BEANS,1
E-VERKA,SADAF LRG FAVA BEANS,1
E-VERKA,SADAF LIMA BEANS,1
E-VERKA,NUTRELA MINI CHUNKS,1
E-VERKA,MOTHER'S MURMURA,1
E-VERKA,LIJJAT JEERA PAPAD,1
E-VERKA,EN AVOCADO OIl,1
E-VERKA,E-VERKA SILVER ELEP. RICE,1
E-VERKA,E-VERKA NUTRELA SOYA CHUNKS,1
E-VERKA,BKJ FRZ MASALA DOSA,1
E-VERKA,BIKAJI FROZEN IDLI,1
E-VERKA,BEGUM BSMTRICE,1
E-WATERBRIDGE,DROSTE ROLL SALT,1
E-WATSON,Watson AC Frozen Crispy Fried Dough Sticks,1
E-WATSON,E-WATSON WATSON SEAFOOD JELLY,1
E-WATSON,E-WATSON LT KLM CK STWB FMPK,1
E-WATSON,E-WATSON CHOCOLATE BISCUIT,1
E-WELCHS,E-WELCHS 6CT WLCHJFULSMF,1
E-WELCHS,E-WELCHS 6CT WLCHJFULSBB,1
E-WELCHS,6CT WELCHS JFULS MF,1
E-WELCHS,6CT WCHS JFLS BB,1
E-WILKIN & SONS,ORANGE MC MARMALADE,1
E-YOP,200ml,1
E-YOUNG YOUNG,E-YOUNG & YOUNG PANCIT CHOW MEIN,1
E-YUMI,Maple & Brown Morning Oats,1
E-ZAVIDA,ZAVID44CT DISCOV,1
E-ZAVIDA,MAPLE 30CT PODS,1
E-ZPUR,40g,2
E-ZPUR,130ea,1
E-five,Top Savor Egg roll-original Flavor,1
E-five,Top Savor Egg roll-Sesame Flavor,1
E-five,HFC MANGO PA CAKE,1
E-five,Dao Xiang Cun Walnut Cookies,1
E-five,Dao Xiang Cun Mixed Nut Su Style Crisps,1
E. D. Smith,250ml,1
E.D. Smith,500 Millilitre,6
E.D. Smith,540 Millilitre,4
E.D. Smith,375 Millilitre,3
E.D. Smith,796 Millilitre,1
E.D. Smith,250 Millilitre,1
E.D.Smith,540ml,11
E.D.Smith,500ml,5
E.D.Smith,796ml,2
E.D.Smith,250ml,1
EARTH'S OWN,1.75 Litre,5
EARTH'S OWN,946 Millilitre,4
EARTH'S OWN,1.89 Litre,2
EARTH'S OWN,Unsweetened Vanilla1.89 Litre,1
EARTH'S OWN,Salted Caramel946 Millilitre,1
EARTH'S OWN,Original946 Millilitre,1
EARTH'S OWN,340g,1
EARTH'S OWN,3.95 Litre,1
EBM,112g,2
EBM,Two simple ingredients; eggs and milk meet in this delicious cookie that melts in your mouth,1
EBM,LEMON SANDWICH BISCUIT,1
EBM,Enlivened flavor and aroma of roasted ¡°Cumin¡±,1
EBM,Blend of pistachios and real peanuts,1
EBM,142g,1
EBM,117g,1
ED Smith,540ml,15
ED Smith,796ml,2
ED Smith,375ml,1
EDEN GROVE,473ml,2
EGGBakes!,Ready in 90 seconds!,1
EGGBakes!,190g (2 quiches),1
EGGBites!,Bite-sized 5 Cheese quiches,1
EGGBites!,336g (10-12 EGGBites),1
EGGBites!,336g (10-12 EGG Bites!),1
EGGS2go,2 x 42g,1
EGGS2go,2 per pack,1
EGNMCR,Single 5ml Edible pigment,1
EGNMCR,EGNMCR Dispenser Snacks Of Dispenser Portable Snacks Sweets 9.5 Ounces For Dispenser Snacks Less Than 0.7 Inch Snack dispenser,1
ELAN,1 x 185g,3
ELAN,1 x 200g,2
ELAN,1 x 275g,1
ELAN,1 x 175g,1
EMF,300g,1
EMMA,200g hard feta tub.,1
EMMA,200 g Feta Spread Tub,1
EMZEE,75g,2
ENJOYW,ENJOYW Water Cup Smooth Reliable Durable Coffee Capsule Cup for Bar Restaurant Coffee Cup,1
ENJOYW,ENJOYW Coffee Cup Anti-rust Leak Proof Stainless Steel Stainless Steel Coffee Capsule Cup for Home Coffee Cup Stainless St,1
ENJOYW,ENJOYW 100pcs White Non-woven Empty Teabags String Filter Paper Herb Loose Tea Bag Empty Teabags,1
ENJOYW,ENJOYW 100Pcs Round Wood Replacement Filter Papers for Number 6/9 Coffee Marker Pot Filter Paper,1
ENJOYW,ENJOYW 100Pcs Kitchen Disposable Drawstring Non-Woven Fabric Tea Herb Filter Bag Pouch Tea Bag,1
ET TU Salad kits,264g,1
ETI,142g,3
ETI,144g,1
Eagle,300ml,3
Eagle Brand,300ml,11
Eagle Brand,300 Millilitre,3
Eagle Brand,Oatmeal Chocolate Chip900g,1
Earth Balance,425g,10
Earth Balance,454g,2
Earth Balance,369g,2
Earth Balance,368g,1
Earth Fresh,5 lb,1
Earth Island,414 Millilitre,1
Earth's Best,44g,2
Earth's Best,78g,1
Earth's Best,71g,1
Earth's Own,946ml,46
Earth's Own,1.75l,27
Earth's Own,1.89l,21
Earth's Own,946 Millilitre,8
Earth's Own,3x250.0ml,6
Earth's Own,340g,6
Earth's Own,1.75 Litre,6
Earth's Own,Dairy-Free 946ml,4
Earth's Own,Oat Coffee Creamer Sal Car 946ml,2
Earth's Own,Oat Coffee Creamer Orig 946ml,2
Earth's Own,Gluten-Free 946ml,2
Earth's Own,Dairy-Free 1.75l,2
Earth's Own,3 Each,2
Earth's Own,227g,2
Earth's Own,1.89 Litre,2
Earth's Own,0 Sugar Gluten-free Dairy-free,2
Earth's Own,Zero Sugar Oat Bev 1.75l,1
Earth's Own,Unsweetened Vanilla1.89 Litre,1
Earth's Own,Salted Caramel946 Millilitre,1
Earth's Own,Plant-Based Beverage 1.89l,1
Earth's Own,Plant-Based 1.89l,1
Earth's Own,Original946 Millilitre,1
Earth's Own,Earth's Own Oat Creamers Cinnamon Cookie Dough 946ml,1
Earth's Own,Earth's Own Oat Coffee Creamer Original 946ml,1
Earth's Own,Dairy-Free,1
Earth's Own,340ml,1
Earth's Own,3.95 Litre,1
Earth's Own_EN,Earth's Own Oat Beverage Chocolate 1.75l,1
Earthbound Farm,284g,3
Earthbound Farm,142g,2
Earthbound Farm,OrganicMesh Bag85g,1
Earthbound Farm,Organic454g,1
Earthbound Farm,Organic340g,1
Earthbound Farm,Organic284g,1
Earthbound Farm,IcebergOrganic1 Each,1
Earthbound Farm,BunchOrganic720g,1
Earthbound Farm,5 Ounce,1
Earthbound Farm,2lb2 Pound,1
Earthbound Farm,113g,1
Earthbound Farm,1 Pound,1
Earthbound Farms,340g,1
Earthbound Farms,255g,1
Earthbound Farms Organic,454g,1
Earths Own,1.89l,10
Earths Own,1.75l,9
Earths Own,946ml,7
Earths Own,340g,2
Earths Own,3x250.0ml,1
Earths Own,227g,1
Eat Nakd,35g,2
Eat Smart,340g,2
Eat Smart,Eat Smart Chopped & Crumbled Bacon Bistro,1
Eat Smart,Eat Smart Cauliflower Florets,1
Eat Smart,Eat Smart Broccoli Slaw,1
Eat Smart,Eat Smart Broccoli Florets,1
Eat Smart,Eat Smart Broccoli And Cauliflower Florets,1
Eat Wholesome,796ml,2
Eat Wholesome,341ml,2
Eatmore,100g,2
Eatmore,225g,1
Eckyadam,ECKYADAM Dispenser Snacks Of Dispenser Portable Snacks Sweets 9.5 Ounces For Dispenser Snacks Less Than 0.7 Inch,3
Eco Lips,7g,2
Eco Lips,4.25g,1
Eco-Max,800ml,8
Eco-Max,3l,8
Eco-Max,946ml,7
Eco-Max,740ml,6
Eco-Max,6.21l,6
Eco-Max,355ml,6
Eco-Max,310ml,4
Eco-Max,4l,3
Eco-Max,50ea,2
Eco-Max,32ea,2
Eco-Max,1l,2
Eco-Max,1.5l,2
Eco-Max,1.05l,2
Eco-Max,80ea,1
Eco-Max,500ml,1
Eco-Max,450ml,1
Eco-Max,30ea,1
Eco-Max,1.89l,1
Ecoideas,200g,3
Ecoideas,227g,2
Ecoideas,Ecoideas - Organic Fermented Cocoa Butter | Multiple Sizes,1
Ecomeon,Coffee Stirring Tool Fine Polished Ergonomic Handle Multifunctional For Restaurant Straight Needle,1
Ecomeon,6 PCS English Muffin Rings Preservative For Hamburger For Cake 8cm / 3.1in,1
Eden,672g,3
Eden,398 Millilitre,3
Eden,908g,2
Edmond Fallot,375 Millilitre,1
Edna's,4 Each,2
Edna's,355 Millilitre,2
Edna's,Mojito4 Each,1
Edna's,",Non Alcoholic,355ml355 Millilitre",1
Edward & Son,36g,1
Efamol,90ea,1
Efferve,750ml,2
Egg Creations,500g,1
Egglife,168g,2
Eggo,280g,8
Eggo,560g,5
Eggo,330g,5
Eggo,270g,4
Eggo,16 waffles,4
Eggo,8 waffles,3
Eggo,Eggo French Toaster Sticks,2
Eggo,8x280g,2
Eggo,Eggo Buttermilk Waffles 280g,1
Eggo,EG TF STWBRY CHSECK FRZ WFL 6CT 330GMX8,1
Eggo,EG TF ORIG FRZ WFL 6CT 330GMX 8,1
Eggo,EG TF CINN BRWN SGR FRZ WFL-?T 330GMX8,1
Eggo,EG TF BLUBRRY FRZ WFL 6CT 330GMX8,1
Eggo,EG HMSTYL ORIG WFL 8CT 280GR EMOJI,1
Eggo,EG CHOC CHIP BNA WFL 280GMX12,1
Eggo,EG BTRmlK FRZ PANC 8CT 280GMX16,1
Eggo,8 Waffles,1
Eggo,48 waffles,1
Eggo,16x560g,1
Eggo,16 Waffles,1
Eggo,1.68kg,1
Eggplant,Regular1 Each,1
Eight O'Clock,900g,1
Eight O'Clock,40un,1
Eight O'Clock,1kg,1
El Bon Homme,500ml,1
El Molino,900 Millilitre,1
El Monterey,595g,3
El Monterey,567g,2
El Monterey,Steak & Cheese Taquito,1
El Monterey,Chicken & Cheese Taquito,1
El Monterey,588g,1
El Yucateco,120ml,10
El Yucateco,150ml,2
Elan,150g,9
Elan,125g,5
Elan,175g,4
Elan,160g,4
Elan,250g,3
Elan,185g,3
Elan,225g,2
Elan,165g,2
Elan,145g,2
Elan,135g,2
Elan,130g,2
Elan,275g,1
Elan,200g,1
Elan,140g,1
Electroniheart,100 Pieces Canvas Drawstring Bags Bags Quick Filter Solid Color Fine Mesh Reliable Fast Drying Spice Bag for Hold Crafts Tea Leaf 7*9cm,1
Elf on the Shelf,198g,2
Elias,375g,2
Elias,500g,1
Elina,3.63kg,1
Elistan,368g,1
Elite,340g,6
Elite,200g,6
Elite,100g,5
Elite,250g,2
Elite,180g,2
Elite,15g,2
Elite,Elite Platinum Instant coffee.,1
Elite,Choc Mix Instant PY,1
Elite,Chicken Salad with Cranberries Kit 96g,1
Elite,Chicken Salad Kit 96g,1
Elite,900g,1
Elite,220g,1
Elite Sweet,750g,1
Elite Sweet,700g,1
Elite Sweets,900g,1
Elite Sweets,85g,1
Elite Sweets,800g,1
Elite Sweets,700g,1
Elite Sweets,600g,1
Elledi,150g,5
Elledi,400g,1
Elledi,250g,1
Elman's,250ml,2
Elman's,500ml,1
Elman's,225g,1
Elmers,680g,2
Elmhurst,946ml,14
Elmhurst,473ml,5
Elmhurst,964ml,1
Elmhurst,227ml,1
Elodie,Stainless Cups Shatterproof Pint Drinking Cups Metal Drinking Glasses Blue,1
Elodie,Stainless Cups Shatter Pint Drinking Cups Metal Drinking Glasses,1
Elodie,Sealer s Storage Vacuum Sealers Machine White,1
Elodie,Reusable Refillable Coffee Capsule for with Tamper,1
Elodie,Retro Stainless Steel Cooking Spoon Kitchenware Flatware Cookware Utensil Heat Resistant Kiychen Spoon for Kitchen Cooking Hot Pots 33x7cm,1
Elodie,Real Pressed Flowers for Epoxy Resin Jewelry Swallows,1
Elodie,Premium Refillable Manual Adjustable and Coarse Mill Short with stand,1
Elodie,Popsicle Bags Homemade Ice Bags for Fruit Smoothies Ice Candy Pops Juice 20 Pieces,1
Elodie,Olive Oil Dispenser Bottle Stainless Steel Oil and Dispenser Can Pot Jug 32oz,1
Elodie,Mixed Natural Dried Blue Crystal,1
Elodie,Large,1
Elodie,Korean Ramen Noodles Cooker Pot Boiler Kitchen Cookware 8in(20cm),1
Elodie,Home Kitchen Restaurant Stainless Teapot Pot .7L #2,1
Elodie,Electric Pepper Mill Shaker Adjustable Miller Spice Crusher Black,1
Elodie,Easter Silicone Chocolate Cake Decorating Tools 7.5X6X5.5cm M,1
Elodie,Coffee Mug for Coffee Milk Other Electric for Travel White,1
Elodie,Cane Glitter Candies Pendant Pendant 4pcs,1
Elodie,Baguette Pan Bread Making Tools Bread Baking Tray for Dining Room Cafe Home 2 grids,1
Elodie,8 Hours Yellow 50x,1
Elodie,180ml,1
Elodie,100Pcs Round Coffee Filter Portable Basket Filters Replacement Part for Home 51mm,1
Elodie,1000ml Coffee Maker Coffee Brewing Tool -Resistant Brewing Coffee Bottle Pink,1
Elwest,944ml,5
Elwest,454g,2
Emile No?l,250ml,1
Emilie's Honey,500g,2
Emilie's Honey,375g,1
Emilie's Honey,1kg,1
Emirates,400g,1
Emma,500g,1
Emma,1 piece,1
Emmi,150g,3
Emmi,200g,1
Emmi,$39.90/1kg $18.10/1lb,1
Ener C,30ea,5
Ener C,289g,1
Ener C,160.5g,1
Ener C,152.1g,1
Ener C,150.9g,1
Ener D,146g,2
Ener-C,1g,1
English Bay,24 Each,2
Enjoy,1.75l,6
Enjoy Life,283g,9
Enjoy Life,255g,2
Enjoy Life,113g,2
Enjoy Life,The delicious dairy-free alt to white chocolate.,1
Enjoy life,255g,1
Enjoy!,1.75l,8
Enjoy!,Enjoy! Almond Unsweetened Vanilla Plant-Based Beverage,1
Enjoy!,Enjoy! Almond Unsweetened Original Plant-Based Beverage,1
Enjoy!,Almond Unsweetened Vanilla Plant-Based Beverage,1
Enjoy!,Almond Unsweetened Original Plant-Based Beverage,1
Enlightened,473ml,13
Enlightened,4x81ml,4
Enlightened,4x104ml,2
Enlightened,473 Millilitre,2
Enqiretly,Enqiretly Birthday cake with card balloons,1
Enqiretly,Enqiretly 200piece Convenient And Hygienic Tea Bags Made With Non-woven Wide Application Tea Bags white 3Set,1
Enrich,480ea,1
Ensure,4 x 118-ml (4-Pack),2
EnviroKidz,Koala Crisp 725 Eco,1
EnviroKidz,284g,1
Eotvia,Universal Coffee Pot Filter Disc For Coffee Making For 6 People,1
Equate,Equate 4L Distilled Water,1
Equate,4l,1
Erawan,454g,2
Erawan,400g,1
Erawan Brand,400g,2
Erawan Brand,454g,1
Erwan,454g,2
Erwan,400g,2
Eska,24x500ml,2
Eska,24x500.0ml,2
Eska,1l,2
Eska,6x1.5?l,1
Eska,500ml,1
Eska,4?l,1
Eska,15x330ml,1
Eska,12x500ml,1
Eska,1.5?l,1
Eska,1.5l,1
Espu?a,Traditional Spanish Flavour,1
Espu?a,TYPICAL SALAMI FROM BARCELONA - SPAIN Qty - 60g,1
Espu?a,SPANISH SERRANO HAM 50GR,1
Espu?a,CHORIZO SALAMI 60GR,1
Essentia,1l,2
Essentia,1 Litre,1
Essentia Water,1l,2
Estink,Stainless Steel Coffee Brew Infuser Cone Cold Brew Coffee Filter 304 Stainless Steel Cold Brew Coffee Filter Cone Mesh With White Rubber Circle Coffee Brew Infuser For Fruit Drink,1
Estink,Stainless Steel Bar Bartender Shaker Drink Mixer Professional Bartender Tool Cocktail Mixed Cup Martini Drink Shaker for Bartending Cocktail Lovers Gift,1
Estink,Convenient To Use,1
Estink,Cold Brew Coffee Filter Coffee Brew Infuser Stainless Steel Coffee Brew Infuser Cold Brew Coffee Strainer Cone Cold Brew Coffee Filter 304 Stainless Steel Cold Brew Coffee Filter,1
Estink,Coffee Color,1
Estink,50-2190,1
Estink,240ml/360ml/500ml Squeezing Seasoning Bottle Beaked Bottle For Vinegar Cream Tomato Sauce,1
Estink,2-4 Cups,1
Estink,1.5kg Reusable Transparent Rice Storage Bag 5Pcs Grain Sealed Storage Bag for Rice Cereals Flour Nuts Beans Grain,1
Et Tu,132g,4
Ethical Bean,340g,2
Ethical Bean,227g,2
Ethical Bean,Dark Roast340g,1
Ethical Bean,907g,1
Ethical Bean,8 oz,1
Etnico,$12.10/1kg $5.49/1lb,3
Etnico,$11.00/1kg $4.99/1lb,3
Etnico,$9.90/1kg $4.49/1lb,1
Etnico,$13.65/1kg $6.19/1lb,1
Eucerin,400ml,1
Europe's Best,380g,1
Eve's Crackers,108g,3
Everest,Tea Masala,1
Everest,Tandoori Chicken Masala,1
Everest,Sambhar Masala,1
Everest,Rajma Masala,1
Everest,Pav Bhaji Masala,1
Everest,Kitchen King Masala,1
Everest,Kasuri Methi,1
Everest,Kashmirilal Chili masala,1
Everest,Garam Masala Jar,1
Everest,Garam Masala,1
Everest,Dry Mango Powder,1
Everest,Clarified Butter,1
Everest,Chole Masala,1
Everest,Chicken Masala,1
Everest,Chaat Masala,1
Eversweet,Eversweet Margarine - 454g,1
Everyone,946ml,13
Everyone,377ml,5
Evian,1l,3
Evian,750ml,2
Evian,6x500.0ml,2
Evian,1.5l,2
Evian,6x500ml,1
Evian,6x330ml,1
Evian,6x330.0ml,1
Evian,6x1?l,1
Evian,6x1.0l,1
Evian,6 Each,1
Evian,500ml,1
Evian,500 Millilitre,1
Evian,24x500.0ml,1
Evian,1.5?l,1
Evian,1.5 Litre,1
Evian,1 Litre,1
Evive,405g,14
Evive,5x50g,2
Evive,5 Each,1
Evive,150g,1
Excel,18 Pellets,12
Excel,3x18un,8
Excel,18 Pieces3 Each,8
Excel,12 Pellets,6
Excel,12 Each,5
Excel,60 Each,4
Excel,40 Each,4
Excel,60 Pellets,3
Excel,40un,3
Excel,34g Tin,3
Excel,60 pellets,2
Excel,49 Each,2
Excel,40 Pellets,2
Excel,E-EXCEl EXCEl RFRS TROP BTl,1
Excel,E-EXCEl EXCEl RFRS SBER BTl,1
Excel,E-EXCEl EXCEl RFRS BlBRY BTl,1
Excel,80g,1
Excel,60 Pieces60 Each,1
Excel,4un,1
Excel,1un,1
Excel,18Pellets,1
Excel,165g,1
Excel,142g,1
Excel,12.2g,1
Excel,12 Pellets/Pack,1
Excel,100g,1
Exceldor,8 thighs per tray,1
Exceldor,4 skewers,1
Exceldor,4 breasts per tray,1
Exceldor,320g,1
Exceldor,2 breasts per tray,1
Excelsior,300g,4
Excelsior,250g,4
Excelsior,225g,2
Excelsior,1kg,2
Excelsior,280g,1
Excelsior,200g,1
Exclusive Brands,60g,3
Exclusive Brands,8g,2
Exclusive Brands,30g,2
Exclusive Brands,Sour Smog Balls,1
Exclusive Brands,47g,1
Exclusive Brands,27g,1
Exclusive Brands,200g,1
Exclusive Brands,17g,1
Explore Cuisine,227g,10
Explore Cuisine,200g,5
Extreme Snacks,you'll experience a tantali,1
Extreme Snacks,Nerds Candy Corn,1
Extreme Snacks,Limited Edition Energy Boost: Prime Hydration Auston Matthews - Elevate Your Thirst-Quenching Experience with the Special Blend Inspired by the Hockey Legend Quench your thirst with the Prime Hydration Auston Matthews Limited Edition - a specially crafted beverage inspired by the hockey sensation. F,1
Extreme Snacks,E-SKITTLES SK SOUR GUMMIES 48G,1
Extreme Snacks,E-QUAKER PRIME STRAWBERRY WM,1
Extreme Snacks,E-QUAKER PRIME BLUE RASPBERRY,1
Extreme Snacks,Chubby,1
Extreme Snacks,48g,1
Ezee Sub,350ml,2
FAGINEY,Detachable Safe For Families And Coffee Shops l 1000ml,1
FANTA,12x355.0ml,6
FANTA,500ml,4
FANTA,8x300.0ml,2
FANTA,6x222.0ml,2
FANTA,2l,2
FEED THAT BRAIN,60ea,3
FERRERO ROCHER,90g,8
FERRERO ROCHER,37.5g,2
FERRERO ROCHER,200g,2
FERRERO ROCHER,100g,2
FERRERO ROCHER,35g,1
FERRERO ROCHER,300g,1
FERRERO ROCHER,259g,1
FGF,600g,4
FIJI Water,6 x 500ml,1
FIJI Water,1l,1
FILIPPO BERIO,500 Millilitre,4
FILIPPO BERIO,750 Millilitre,3
FILIPPO BERIO,190g,3
FILIPPO BERIO,1 Litre,3
FILIPPO BERIO,3 Litre,1
FILIPPO BERIO,250 Millilitre,1
FILIPPO BERIO,1.5 Litre,1
FLYING MONKEYS,6x473.0ml,1
FOCO,FOCO LYCHEE NECTAR DRINK,1
FOCO,1000ml,1
FOODFEST,Surimi Sticks (Crab),1
FOODFEST,Surimi Flake (Lobster),1
FOODFEST,Sole Fillets KPY,1
FOODFEST,Pollock FIllets KPY,1
FOODFEST,Pink Salmon Fillets KPY,1
FOODFEST,Haddock Fillets KPY,1
FOODFEST,Gefilte Fish Roll Sweet KPY,1
FOODFEST,Foodfest Haddock Fillets KPY 400g,1
FOODFEST,FOODFEST Surimi Flake (Crab) 400g,1
FOODFEST,Cod Loins KPY,1
FOODFEST,Cod Fillets KPY,1
FUMEeh,250 Millilitre,2
FV Foods,680g,3
FV Foods,650g,3
FV Foods,350g,3
FV Foods,700g,1
FV Foods,567g,1
FV Foods,550g,1
FV Foods,530g,1
FV Foods,500g,1
FV Foods,470g,1
FV Foods,450g,1
FV Foods,265g,1
FX Pichet,145g,1
Fairlife,1.5l,15
Fairlife,1.5 Litre,3
Fairlife,Whole 3.25% M.F. - Lactose Free1.5 Litre,1
Fairlife,414ml,1
Falcone,200g,2
Falcone,180g,1
Famille Migneron de Charlevoix,140g,1
Famille Migneron de Charlevoix,100?g,1
Famille Migneron de Charlevoix,100g,1
Family Loompya,425g,5
Famosa,890g,2
Famous,100g,2
Famous,350ml,1
Famous,350 Millilitre,1
Famous,225ml,1
Fancy Pokket,360g,1
Fanta,12x355ml,4
Fanta,500ml,2
Fanta,Spiced Apple Fanta Limited Time Offer,1
Fanta,Orange Soda355 Millilitre,1
Fanta,Orange Soda2 Litre,1
Fanta,Crazy Boxers Fanta Orange Boxer Briefs in Soda Cup-XLarge (40-42),1
Fanta,Crazy Boxers Fanta Orange Boxer Briefs in Soda Cup-Medium (32-34),1
Fanta,8x300ml,1
Fanta,6X222ml,1
Fanta,500 Millilitre,1
Fanta,355ml,1
Fanta,300 Millilitre,1
Fanta,2l,1
Fanta,222ml 6 Pack,1
Fanta,222 Millilitre,1
Fanta,12 x 355ml,1
Fanta,12 Each,1
Fantino & Mondello,175g,15
Fantino & Mondello,100g,10
Fantino & Mondello,200g,4
Fantino & Mondello,125g,4
Fantino & Mondello,350g,3
Fantino & Mondello,Fantino & Mondello Pepe Nero & Vino Rosso Salametti Festive Duo,1
Fantion & Modello,175g,1
Farchioni,500 Millilitre,1
Farkay,397g,7
Farm Boy,600g,4
Farm Boy,450g,3
Farm Boy,800g,2
Farm Boy,325g,1
Farm Fresh,Fall Ornamentals8 Each,1
Farmer,400g,2
Farmer's Finest,Farmer's Finest Comfort Coop Large Eggs,1
Farmer's Market,400g,27
Farmer's Market,600g,22
Farmer's Market,500g,20
Farmer's Market,350g,16
Farmer's Market,1.81kg,15
Farmer's Market,250g,14
Farmer's Market,4.54kg,13
Farmer's Market,456g,10
Farmer's Market,390g,10
Farmer's Market,1kg,10
Farmer's Market,1.36kg,10
Farmer's Market,907g,8
Farmer's Market,1ea,8
Farmer's Market,1.814kg,8
Farmer's Market,300g,7
Farmer's Market,570g,6
Farmer's Market,375g,6
Farmer's Market,750g,5
Farmer's Market,510g,5
Farmer's Market,315g,5
Farmer's Market,344g,4
Farmer's Market,340g,4
Farmer's Market,283g,4
Farmer's Market,270g,4
Farmer's Market,908g,3
Farmer's Market,798g,3
Farmer's Market,6x85.0g,3
Farmer's Market,490g,3
Farmer's Market,3ea,3
Farmer's Market,398ml,3
Farmer's Market,325g,3
Farmer's Market,2l,3
Farmer's Market,275g,3
Farmer's Market,260g,3
Farmer's Market,200g,3
Farmer's Market,150g,3
Farmer's Market,1.5l,3
Farmer's Market,900g,2
Farmer's Market,770g,2
Farmer's Market,765g,2
Farmer's Market,755g,2
Farmer's Market,753g,2
Farmer's Market,6ea,2
Farmer's Market,675g,2
Farmer's Market,608g,2
Farmer's Market,6 pack,2
Farmer's Market,580g,2
Farmer's Market,552g,2
Farmer's Market,4ea,2
Farmer's Market,454g,2
Farmer's Market,450g,2
Farmer's Market,420g,2
Farmer's Market,4 pack,2
Farmer's Market,3l,2
Farmer's Market,376g,2
Farmer's Market,372g,2
Farmer's Market,348g,2
Farmer's Market,342g,2
Farmer's Market,336g,2
Farmer's Market,265g,2
Farmer's Market,220g,2
Farmer's Market,2.27kg,2
Farmer's Market,1l,2
Farmer's Market,175g,2
Farmer's Market,1.8kg,2
Farmer's Market,1.362kg,2
Farmer's Market,9x30.0g,1
Farmer's Market,875g,1
Farmer's Market,850g,1
Farmer's Market,825g,1
Farmer's Market,6x1.0ea,1
Farmer's Market,67g,1
Farmer's Market,590g,1
Farmer's Market,475g,1
Farmer's Market,425g,1
Farmer's Market,397ml,1
Farmer's Market,397g,1
Farmer's Market,330g,1
Farmer's Market,3 pack,1
Farmer's Market,288g,1
Farmer's Market,264g,1
Farmer's Market,170g,1
Farmer's Market,1500g,1
Farmer's Market,1200g,1
Farmers,1l,4
Farmers,Farmers 20/80 Butter Blend Soft Spread,1
Farmers,Farmers 20/80 Butter Blend Hard Spread,1
Farmers,Farmers 1% Chocolate Milk,1
Farmers,250ml,1
Farmhouse Culture,473ml,3
Farming Karma,285 Millilitre,1
Farms Creamery,MARGARINE,1
Faro Roasting House,700g,1
Fashionhome,Stainless Steel Permanent Coffee Filter Paperless filter Reusable Permanent Coffee Strainer Silver,1
Fashionhome,Ice Cream Cone Holder Waffle Cone Holder Food Stand Clear Rack Sushi Holder for Birthday Decor Clear,1
Fatso,500g,11
Fauxmagerie Zengarry,150g,3
Favourites,977g,1
Favourites,91g,1
Favourites,485g,1
Favourites,237g,1
Favuzzi,500ml,3
Favuzzi,240ml,1
Favuzzi,180g,1
Favuzzi,150ml,1
Favuzzi,115ml,1
Favuzzi,100ml,1
Feastables,60g,12
Feature,600g,1
Feature Foods,600g,2
Feature Foods,320g,2
Feature Foods,250ml,2
Feature Foods,200g,1
Felicetti,340g,12
Felicetti,454g,3
Fentimans,4x275.0ml,3
Ferencz,225g,1
Ferencz's,297g,1
Ferencz's,227g,1
Ferencz's,225g,1
Ferma,750g,52
Ferma,540ml,22
Ferma,sell quantity 750g,16
Ferma,750ml,11
Ferma,200g,9
Ferma,sell quantity 540ml,8
Ferma,375ml,6
Ferma,270g,5
Ferma,sell quantity 750ml,4
Ferma,210g,3
Ferma,sell quantity 450g,2
Ferma,sell quantity 375ml,2
Ferma,sell quantity 250g,2
Ferma,sell quantity 200g,2
Ferma,800g,2
Ferma,6x250.0ml,2
Ferma,500ml,2
Ferma,450g,2
Ferma,420g,2
Ferma,360g,2
Ferma,2kg,2
Ferma,250g,2
Ferma,142g,2
Ferma,1.5kg,2
Ferma,sell quqantity 156ml,1
Ferma,sell quantity 870g,1
Ferma,sell quantity 796ml Jar,1
Ferma,sell quantity 2lt,1
Ferma,sell quantity 2kg,1
Ferma,sell quantity 19.2g,1
Ferma,sell quantity 142g,1
Ferma,sell quantity 12x350ml,1
Ferma,Ferma Yellow Corn Four,1
Ferma,907g,1
Ferma,900g,1
Ferma,6.5g,1
Ferma,500g,1
Ferma,5.4l,1
Ferma,275g,1
Ferma,1300g,1
Ferma,100g,1
Ferma,1.5l,1
Ferma,1.3kg,1
Ferma Food Products,750g,1
Ferme Pigeon,340g,1
Ferrero,90g,15
Ferrero,80g,5
Ferrero,156g,5
Ferrero,37.5g,3
Ferrero,150g,3
Ferrero,30g,2
Ferrero,259g,2
Ferrero,200g,2
Ferrero,125g,2
Ferrero,120g,2
Ferrero,119g,2
Ferrero,100g,2
Ferrero,White Chocolate Hazelnut90g,1
Ferrero,Rocher Bars Raffaello G90x16,1
Ferrero,Rocher Bars Almond G90x16,1
Ferrero,Milk Chocolate Hazelnut90g,1
Ferrero,Dark Chocolate Hazelnut90g,1
Ferrero,Dark Chocolate Hazelnut and Salted Caramel90g,1
Ferrero,79g,1
Ferrero,75g,1
Ferrero,63g,1
Ferrero,62.5g,1
Ferrero,54g,1
Ferrero,53g,1
Ferrero,3x12.5g,1
Ferrero,375g,1
Ferrero,350g,1
Ferrero,32g,1
Ferrero,32.4g,1
Ferrero,248g,1
Ferrero,24 count,1
Ferrero,233g,1
Ferrero,225g,1
Ferrero,212.5g,1
Ferrero,18g,1
Ferrero,182g,1
Ferrero,174g,1
Ferrero,16x12.5g,1
Ferrero,162.5g,1
Ferrero,132g,1
Ferrero Collection,118g,1
Ferrero Rocher,62.5g,1
Festa,150g,1
Festival,415g,3
Festival,vainilla cookies 12 X403g,1
Fever Tree,4x200.0ml,9
Fever Tree,8x150.0ml,5
Fever Tree,4 Each,3
Fever Tree,200ml,2
Fever Tree,Mediterranean4 Each,1
Fever Tree,Elderflower4 Each,1
Fever-Tree,4x200ml,16
Fever-Tree,8x150ml,5
Fever-Tree,500ml,4
Fever-Tree,750ml,3
Fever-Tree,Fever-Tree Ginger Beer 4x200ml,1
Fever-Tree,Fever-Tree Ginger Ale 4x200ml,1
Fever-Tree,"4x200ml
With natural gingers.",1
,,
Fever-Tree,"4x200ml
With natural gingers",1
,,
Fever-Tree,4 Each,1
Fiasconaro,500g,4
Fiasconaro,1kg,2
Fiasconaro,750g,1
Fiasconaro,700g,1
Fibre 1,125g,9
Fibre 1,840g,4
Fibre 1,5 bars,2
Fibre 1,Oats & Chocolate Value Pack840g,1
Fibre 1,Oats & Chocolate Value Pack24 Each,1
Fibre 1,5un,1
Fibre One,587g,1
Fibre One,475g,1
Field Roast,368g,7
Field Roast,340g,2
Field Roast,312g,2
Field Roast,Original200g,1
Field Roast,200g,1
Fiesta Pinoy,330g,2
FightingGirl,Removable Heart Necklaces Four Leaf Clover Necklace Women,1
FightingGirl,Pack Unbreakable Soft And Durable Bathroom Toothbrush Tumblers (pink) Jp,1
FightingGirl,Kids Toys Prank Toys Big Boa Constrictor Stuffed Soft Snake Plush Toy 113 Inches Tw,1
FightingGirl,Ergonomic Seat Cushion Made Of Memory Foam > Ergonomic Seat Cover With Removable Anti-slip Cover Jp,1
FightingGirl,7 Flavors Air Up Water Bottle Flavour Pods With Air Water Bottle Bottle 0 Sugar And 0 Calories Junmai Ir,1
FightingGirl,7 Chakra Healing Crystals Stones Beads Wire Wrapped Selenite Stick Wan,1
FightingGirl,3pcs 30ml Rosemary Hair Oil Nourishment Scalp Stimulates Hair Growth Hair Care Oil Tw,1
FightingGirl,2pcs Men Newsboy Cap Herringbone Baker Boy Cabbie Flat Hat Retro Newsboy Cap Tw,1
FightingGirl,2pcs Heavy Duty Adjustable Toggle Latch Clamp With Lock Hole 660lbs Holding Capacity Large Pull Action Latch Kfv Jp,1
FightingGirl,2 Pieces 1:12 Miniature Dollhouse Plants Miniature Bonsai Plant Jp,1
Fiji,1.5l,3
Fiji,6x500ml,1
Fiji,6x500.0ml,1
Fiji,6 Each,1
Fiji,500ml,1
Fiji,500 Millilitre,1
Fiji,1?l,1
Fiji,1.5 Litre,1
Filippo Berio,1l,2
Filippoberio,750ml,4
Filsingers,750ml,1
Filtrete,Filter MPR 1500,1
Fine Cheese Imports,1kg,1
Fini,250ml,2
Fini,20g,1
Fini,$52.90/1kg,1
Finn Crisp,200g,4
Finn Crisp,175g,2
Finn Crisp,FINN-ORIGINAl,1
Finn Crisp,FINN-MULTIGRAIN,1
Fino Fine Foods,314ml,2
Fino Fine Foods,1.15kg,2
Fino Fine Foods,793g,1
Fiorfiore,5% proteins,6
Fiorfiore,Organic durum wheat semolina pasta,5
Fiorfiore,250ml,4
Fiorfiore,690 g (24.3 oz),3
Fiorfiore,5% protein,3
Fiorfiore,350 g (12.3 oz),3
Fiorfiore,Imported from Italy,2
Fiorfiore,7 oz),2
Fiorfiore,673ml,2
Fiorfiore,59 oz),2
Fiorfiore,55g,2
Fiorfiore,341ml,2
Fiorfiore,3 oz),2
Fiorfiore,212ml,2
Fiorfiore,VEG BOL SAUCE,1
Fiorfiore,"Tuna & Peas
160g",1
,,
Fiorfiore,"Mexican style salad
160g",1
,,
Fiorfiore,"Mediterranean salad
160g",1
,,
Fiorfiore,Bronze die-cut pasta made in Italy,1
Fiorfiore,682ml,1
Fiorfiore,665ml,1
Fiorfiore,6 oz),1
Fiorfiore,500ml,1
Fiorfiore,5% protein,1
Fiorfiore,370ml,1
Fiorfiore,350ml,1
Fiorfiore,346ml,1
Fiorfiore,338ml,1
Fiorfiore,327ml,1
Fire Barns,250ml,1
Fire In The Kitchen,80g,3
Firebarns,500ml,1
Firecracker,160ml,4
Firecracker,200ml,2
Fish Crisp,340g,4
Fish Crisp,230g,3
Fisherman's Friend,22un,7
Fisherman's Friend,22x22un,1
Fit,350 Millilitre,1
Fit Sauces,355ml,2
Fita,600g,1
Fiudx,Fiudx organizer Box Segmented Candy Box Household Nut Box Dried Fruit Box Living Room Snack Box Plastic Fruit Box Snack Box,1
Fiudx,Fiudx Storage Containers Segmented Candy Box Household Nut Box Dried Fruit Box Living Room Snack Box Plastic Fruit Box Snack Box,1
Fiudx,Fiudx Flash Deals Sale Items Four-Compartment Snack Box,1
Fiudx,Fiudx Flash Deals Of The Day Online Only Whole Grains Rice Bucket Wall-Mounted Rice Storage Tank Out Rice,1
Fiudx,Fiudx Flash Deals Of The Day Online Only Dinosaur Tea Maker Stock Dragon Tea Bag Tea Filter,1
Fiudx,Fiudx Flash Deals Of The Day Mother'S Day Flower Diy Three-Dimensional Icing Household Baking Fondant Maker,1
Fiuggi,6x1.0l,2
Fiuggi,6x500ml,1
Fiuggi,6x1l,1
Fiuggi,1l,1
Five,15 Each,3
Five,35 Each,2
Five,3 Each,2
Five Alive,8x200.0ml,6
Five Alive,295ml,6
Five Alive,1.75l,4
Five Alive,8x200ml,3
Five Alive,8 Each,3
Five Alive,200 xml,3
Five Alive,295 Millilitre,2
Five Alive,1l,2
Five Alive,1.75?l,2
Five Alive,1.75 xl,2
Five Alive,1 Litre,2
Five Alive,355ml,1
Five Roses,2.5kg,11
Five Roses,10kg,5
Five Roses,1kg,2
Flagrants Desirs,100g,1
Flagrants D¨¦sirs,100g,1
Flamingo,600g,6
Flamingo,680g,4
Flamingo,550g,3
Flamingo,750g,2
Flamingo,$5.49/1kg,2
Flamingo,raw,1
Flamingo,Uncooked,1
Flamingo,Raw,1
Flamingo,Flamingo Fresh Whole turkey 3-5kg,1
Flamingo,Flamingo BBQ wings,1
Flamingo,Flam Honey N Garlic wings,1
Flamingo,FLAMINGO TURKEY GA 7-9 FRZN,1
Flamingo,FLAMINGO TURKEY GA 5-7 FRZN,1
Flamingo,FLAMINGO TURKEY GA 3-5 FRZN,1
Flamingo,730g,1
Flamingo,5-7kg,1
Flamingo,3-5kg,1
Flamingo,$6.59/1kg,1
Flamingo,$4.26/1kg,1
Flamingo,,1
Flatout,5x285g,2
Flatout,Wheat Wrap,1
Flatout,Very high source of fiber... & Tasty!,1
Flatout,Sea Salt and Pepper Flatbread,1
Flatout,Original flavor flatbread,1
Flatout,5 breads,1
Flatout,399g,1
Flatout,318g,1
Flatout,289g,1
Flatout,255g,1
Flatout,"12g Protein
8g Net carbs",1
,,
Fleischman's,Margarine,1
Fleischman's,Fleischmann's Margarine Quarters Unsalted,1
Fleischmann's,113g,8
Fleischmann's,454g,3
Fleischmann's,3x8g,2
Fleischmann's,3 x 8g,2
Fleischmann's,3 Each,2
Fleischmann's,227g,2
Fleischmann's,340g,1
Fleischmann's,100g,1
Fleischmann's,100 G,1
Fleischmanns,24g,6
Fleischmanns,113g,6
Fleischmanns,340g,3
Fleischmanns,100g,2
Fleischmanns,454g,1
Fleischmanns,450g,1
Fleischmanns,400g,1
Fleischmanns,335g,1
Fleischmanns,227g,1
Fletchers,500g,2
Fletchers,3.00 - 3.31kg,1
Fletchers,1.85 - 2.04kg,1
Fletchers,0.94 - 1.24kg,1
Floating Leaf,400g,5
Floating Leaf,250g,1
Flora,60ea,6
Flora,30ea,1
Flora,250ml,1
Flora,240ml,1
Flora,16un,1
Florette,624g,2
Florette,425g,1
Florette,340g,1
Florette,284g,1
Flourish,430g,16
Flourish,430G,3
Flow,1l,3
Flow,500ml,2
Flow,12x500ml,1
Flow Water,6x500.0ml,6
Flow Water,500ml,3
Flow Water,1l,3
Flow Water,1000ml,2
Fluff,454g,1
Flying Goose,495g,4
Flying Goose,730ml,3
Flying Monkeys,473ml,1
Foco,520ml,2
Foco,350ml,1
Foco,280g,1
Fody,547ml,6
Fody,454g,4
Fody,236ml,3
Fody,450ml,2
Fody,296ml,2
Fol Epi,150g,1
Foley's,Bulk100g,6
Foley's,100g,4
Foley's,No Sugar Added100g,1
Foley's,Milk Chocolate100g,1
Foley's,Large100g,1
Foley's,Dark Chocolate100g,1
Folgers,340g,11
Folgers,12un,11
Folgers,12ea,10
Folgers,641g,7
Folgers,30un,7
Folgers,544g,5
Folgers,30ea,5
Folgers,816g,4
Folgers,865g,3
Folgers,270g,3
Folgers,12 pods,3
Folgers,108g,3
Folgers,48un,2
Folgers,30 pods,2
Folgers,272g,2
Folgers,210g,2
Folgers,Made from Pure 100% Coffee.,1
Folgers,Ground Coffee Medium Roast816g,1
Folgers,Folgers 1850 Pioneer Blend Ground Coffee 340g,1
Folgers,Dark Roast641g,1
Folgers,861g,1
Folgers,240 Grams,1
Follow Your Heart,473ml,2
Fontaine Family,,6
Fontaine Family,454g,2
Fontaine Family,1 per tray,2
Fontaine Family,375g,1
Fontaine Sante,400g,1
Fontaine Sante,227g,1
Fontaine Sant¨¦,283g,6
Fontaine Sant¨¦,250g,4
Fontaine Sant¨¦,227g,4
Fontaine Sant¨¦,454g,3
Fontaine Sant¨¦,400g,3
Fontaine Sant¨¦,260g,3
Fontaine Sant¨¦,Taboul¨¦ 350g,1
Fontaine Sant¨¦,HUMM PINENUT 227g,1
Fontaine Sant¨¦,Fontaine Sant¨¦ Humm! Roasted Red Pepper,1
Fontaine Sant¨¦,375g,1
Fontaine Sant¨¦,350g,1
Fontaine Sant¨¦,340g,1
Fontaine Sant¨¦,335ml,1
Fontaine Sant¨¦,255g,1
Fontaine Sant¨¦,250?g,1
Food Bank Donation Bag,For one,1
Food Bank Donation Bag,For a young family,1
Food Bank Donation Bag,For a family,1
Food Club,11g,1
Food for Life,680g,5
Food for life,680g,4
Food for life,510g,2
Food for life,454g,2
Foodfest,400g,10
Foodfest,295ml,5
Foodfest,250ml,4
Foodfest,227g,3
Foodfest,375ml,2
Foodfest,320g,2
Foodfest,1un,2
Foodfest,125g,2
Foodfest,RED HORSERADISH,1
Foodfest,M - Salmon Steelhead Smoked PY,1
Foodfest,500ml,1
Foodfest,454g,1
Foodfest,426g,1
Foodfest,340g,1
Foodfest,312g,1
Foodfest,240G,1
Foodfest,140g,1
Foodfest,135g,1
Foong's Kitchen,200g,1
Foongs Kitchen,300g,1
Foongs Kitchen,200g,1
Foothills,250g,1
Foppen,248g,3
Foppen,170g,2
Foreway,370ml,2
Foreway,185ml,1
Forno de Minas',Cheese Roll,1
Fortin,550g,1
Fortinos,$13.21/1kg $5.99/1lb,1
Fortune Oysters,454g,1
Foster's,500 Millilitre,3
Foulds,156g,1
Four O'Clock,16un,13
Four O'Clock,20un,4
Four O'Clock,32un,1
Four Sigmatic,340g,6
Four Sigmatic,10un,2
Four Sigmatic,60g,1
Four Sigmatic,25g,1
Fous de l'?le,355ml,1
Fox's,Ginger Crunch Creams 200g,1
Fox's,Fox's Golden Crunch Creams 200g,1
Foxy,Organic Iceberg Lettuce Foxy,1
Franco American,284 Millilitre,2
Franco American Gravy,284ml,3
Franco-American,284ml,4
Frank's,354ml,32
Frank's,680ml,10
Frank's,354 Millilitre,5
Frank's,132g,4
Frank's,Original148 Millilitre,2
Frank's,680 Millilitre,2
Frank's,425 Millilitre,2
Frank's,500g,1
Frank's RedHot,354ml,12
Frank's RedHot,680ml,2
Frank's RedHot,Flavour and Heat,1
Frank's RedHot,FRANKS REDHOT SCE THCK GRLC PRMS,1
Frank's RedHot,148ml,1
Frank's RedHot,132g,1
Frankels,340g,2
Frankels,396g,1
Frankford,57g,3
Frankford,10g,2
Frankford,Warhead Lillipops,1
Frankford,Val Fan,1
Frankford,Sour Patch Heart,1
Frankford,Pop Ups Flow Pack,1
Frankford,96G LOL SURPRISE CHOC HEART TIN,1
Frankford,57g PJ Masks Jumbo Cane,1
Frankford,57G PJ MASKS HEART BOX,1
Frankford,4PK HOT FOR YOU SAUCE,1
Frankford,43g LOL Tree Box,1
Frankford,40 ct,1
Frankford,36G EMOJI POP UPS,1
Frankford,28CT PJ MASKS CANDY CARD KIT,1
Frankford,20g,1
Frankford,200G FROZEN GUMMY BRACELET EXCHANGE,1
Frankford,144g,1
Frankie's,140g,3
Frankie's,120g,2
Frankie's Organic Snacks,FRK SP FRIES CHURRO,1
Frankie's Organic Snacks,FRK ORG WC PUFF,1
Frankie's Organic Snacks,E-FRANKIE'S FRK ORG JALA PUFF,1
Franks,354 Millilitre,5
Franks,500g,1
Frantoi Cutrera,750ml,1
Franzeluta,400g,4
Franzeluta,500g,3
Franzeluta,300g,2
Franzeluta,350g,1
Fran?ois Hubert,1kg,3
Fran?ois Hubert,454g,1
Fraser Valley,454g,2
Fraser Valley,250g,2
Fre,750ml - bottle,3
Freddo,150g,2
Freddo,The FREDDO Advent Calendar Caramel Sea Salt is a gourmet advent calendar that contains milk chocolates with a creamy caramel center and a touch of sea salt. The chocolates are individually wrapped to ensure their freshness and delicious taste.,1
Freddo,Freddo Milk choc Chunky 160g,1
Freddo,Freddo Milk Choc Chips,1
Freddo,Freddo Dark Choc Chips,1
Freddo,Freddo Chunky Milk Chocolate Caramel Squares 160g,1
Freddo,Caramel fille dmilk chocolate pumpkins (individually wrapped). Peanut free and nut free.,1
Freddo,800g,1
Freddo,120g,1
Free 2b,40g,4
Free 2b,119g,2
Free2b,119g,4
Free2b,42g,3
FreeYumm,154g,2
Freedom Jars,375ml,2
Freeyumm,120g,9
Freeyumm,154g,6
Freeyumm,135g,4
Freezone,275ml,10
French Cancan,256g,1
French Cancan,156g,1
French Cancan,138g,1
French Toast Crunch,380g,1
French's,325ml,7
French's,325 Millilitre,7
French's,750ml,3
French's,750 Millilitre,3
French's,225 Millilitre,3
French's,170g,3
French's,550ml,2
French's,400ml,2
French's,400 Millilitre,2
French's,225ml,2
French's,1l,2
French's,1kg,2
French's,Flavour for All,1
French's,550 Millilitre,1
French's,400g,1
French's,295ml,1
French's,295 Millilitre,1
French's,2 kg Jar2kg,1
French's,1.5l,1
French's,1.5 Litre,1
French's,1 Litre,1
Frenchs,325ml,26
Frenchs,750ml,6
Frenchs,550ml,4
Frenchs,400ml,4
Frenchs,1l,4
Frenchs,225ml,2
Frenchs,325 Millilitre,1
Frenchs,295ml,1
Fresca,500ml,3
Fresca,6x222ml,2
Fresca,6x222.0ml,2
Fresca,2?l,2
Fresca,2l,2
Fresca,12x355ml,2
Fresca,12x355.0ml,2
Fresca,6 Each,1
Fresca,500 Millilitre,1
Fresca,355ml,1
Fresca,222ml,1
Fresca,2 Litre,1
Fresca,12 x 355ml,1
Fresca,12 Each,1
Fresh,1 Pound,3
Fresh,454g,1
Fresh,3175g,1
Fresh,1 Each,1
Fresh 2 Go,250g,3
Fresh 2 Go,700g,2
Fresh 2 Go,454g,1
Fresh 2 Go,396g,1
Fresh 2 Go,1 kit,1
Fresh 2 go,1un,1
Fresh Attitude,142g,13
Fresh Attitude,312g,2
Fresh Attitude,283g,2
Fresh Attitude,155g,2
Fresh Attitude,12 oz,2
Fresh Attitude,Fresh Attitude Spring Mix,1
Fresh Attitude,Fresh Attitude Southwest Salad Kit,1
Fresh Attitude,Fresh Attitude San Marino Mix,1
Fresh Attitude,Fresh Attitude Prewashed Caesar Family Kit,1
Fresh Attitude,Fresh Attitude Prewashed Baby Kale Blend,1
Fresh Attitude,Fresh Attitude Prewashed Arugula,1
Fresh Attitude,Fresh Attitude Organic Baby Spinach,1
Fresh Attitude,Fresh Attitude Caesar Salad Kit,1
Fresh Attitude,Fresh Attitude Baby Spinach,1
Fresh Attitude,Fresh Attitude Baby Kale Blend,1
Fresh Attitude,Family Kit Caesar 427g,1
Fresh Attitude,Classic Greek Salad.,1
Fresh Attitude,6 oz,1
Fresh Attitude,5.3 oz,1
Fresh Attitude,454g,1
Fresh Attitude,413g,1
Fresh Attitude,402g,1
Fresh Attitude,342g,1
Fresh Attitude,185g,1
Fresh Attitude,171g,1
Fresh Dress,355ml,12
Fresh Dress,salad dressing,4
Fresh Dress,Salad Dressing,2
Fresh Dress,lemon Garlic Dressing - 355ml,1
Fresh Dress,Fresh Dress Lemon Garlic Dressing,1
Fresh Dress,Dressing Greek Lightning SF,1
Fresh Dress,Dressing Creamy Caesar SF,1
Fresh Express,298g,3
Fresh Express,No Preservative,2
Fresh Express,9 oz,2
Fresh Express,8 oz,2
Fresh Express,312g,2
Fresh Express,275g,2
Fresh Express,12 oz,2
Fresh Express,10 oz,2
Fresh Express,"Thai ""N"" Cashew Chop kit",1
Fresh Express,Fresh Express Family Size Caesar Salad Kit,1
Fresh Express,Asian Chopped Kit,1
Fresh Express,7 oz,1
Fresh Express,680g,1
Fresh Express,6 oz,1
Fresh Express,397g,1
Fresh Express,343g,1
Fresh Express,340g,1
Fresh Express,332g,1
Fresh Express,329g,1
Fresh Express,326g,1
Fresh Express,320g,1
Fresh Express,281g,1
Fresh Express,278g,1
Fresh Express,272g,1
Fresh Express,269g,1
Fresh Express,266g,1
Fresh Express,255g,1
Fresh Express,250g,1
Fresh Express,241g,1
Fresh Express,24 oz,1
Fresh Express,227g,1
Fresh Express,226g,1
Fresh Express,170g,1
Fresh Express,142g,1
Fresh Express,14 oz,1
Fresh Express,131g,1
Fresh Express,1 lb,1
Fresh Gourmet,99g,20
Fresh Gourmet,142g,14
Fresh Gourmet,128g,7
Fresh is Best,375 Millilitre,2
Fresh is Best,300g,1
Fresh is Best,250g,1
Fresh is Best,12 Each,1
Fresh to Go,1 per tray,1
Freshana,56g,3
Freshana,37g,2
Freshana,35g,2
Freshana,28g,2
Freshana,60g,1
Freshana,45g,1
Freshana,36g,1
Freshii,60ml,2
Freshii,Nature's celebrated blend,1
Freshii,Freshii Energii Bites,1
Freshii,Freshii Cocoa Energii Bites,1
Freshii,Celery,1
Freshii,A tasty superfood charge!,1
Freshline,12 oz,1
Freshstone,540g,4
Freunds,567g,1
Freybe,500g,8
Freybe,125g,6
Freybe,100g,5
Freybe,250g,2
Freybe,200g,2
Freybe,375g,1
Freybe,1kg,1
Frico,1 piece,3
Frico,220g,1
Frigosto,380g,1
Frigosto,300g,1
Friskies,156g,1
Frito Lay,Flavour Mix42 Each,1
Frito Lay,42 Each,1
Frito-Lay,448g,4
Frito-Lay,1176g,3
Frito-Lay,1116g,2
Frito-Lay,White Cheddar Halloween Treat Bags40 Each,1
Frito-Lay,Onion Flavoured Rings125g,1
Frito-Lay,448GM,1
Frito-Lay,428g,1
Frito-Lay,428GM,1
Frito-lay,448g,7
Frito-lay,428g,2
Frito-lay,1176g,2
Frito-lay,1116g,2
Frito-lay,520g,1
Fritos,340g,13
Fritos,340GM,3
Fritos,150g,3
Fritos,Honey BBQ340g,1
Fritsch,454g,4
From Farm To Table,142g,2
From Farm To Table,105g,1
From Our Chefs,700ml,9
From Our Chefs,400ml,5
From Our Chefs,44ml,4
From Our Chefs,$34.90/1kg,4
From Our Chefs,600g,3
From Our Chefs,331g,3
From Our Chefs,150g,3
From Our Chefs,$41.90/1kg,3
From Our Chefs,$29.90/1kg,3
From Our Chefs,590g,2
From Our Chefs,200g,2
From Our Chefs,$47.90/1kg,2
From Our Chefs,$45.90/1kg,2
From Our Chefs,993g,1
From Our Chefs,800g,1
From Our Chefs,364g,1
From Our Chefs,280g,1
From Our Chefs,220g,1
From Our Chefs,1ea,1
From Our Chefs,195g,1
From Our Chefs,130g,1
From Our Chefs,$46.90/1kg,1
From Our Chefs,$42.90/1kg,1
From Our Chefs,$16.90/1kg $7.67/1lb,1
From Our Chefs,$14.90/1kg $6.76/1lb,1
From Our Chefs,$1.69/100g $7.67/1lb,1
From Our Chefs,$1.69/100g,1
From The Ground Up,113g,2
Fromagerie 1860 DuVillage,125g,1
Fromagerie 1860 DuVillage,1 piece,1
Fromagerie Bergeron,170g,2
Fromagerie Bergeron,225g,1
Fromagerie Bergeron,200g,1
Fromagerie Bergeron,170?g,1
Fromagerie Delin,200g,1
Fromagerie Etchemin,85g,1
Fromagerie Etchemin,200g,1
Fromagerie Etchemin,170g,1
Fromagerie Fritz Kaiser,1 piece,2
Fromagerie Fritz Kaiser,,1
Fromagerie L'Autre Versant,1 piece,2
Fromagerie La Normandinoise,165g,1
Fromagerie La Suisse Normande,200g,1
Fromagerie Montebello,1 piece,2
Fromagerie Montebello,125g,1
Fromagerie M¨¦dard,1 piece,1
Fromagerie P'tit Plaisir,1 piece,1
Fromagerie Perron,170g,4
Fromagerie Rang 9,150g,1
Fromagerie de Beauzac,1 piece,1
Fromagerie du Domaine F¨¦odal,150g,2
Fromagerie du Presbyt¨¨re,150g,1
Fromagerie du Terroir de Bellechasse,140g,1
Fromagerie ?le-aux-Grues,1 piece,3
Fromageries Bel,150g,1
Fromalp,450g,3
Fromalp,400g,1
Front Street Bakery,500g,18
Front Street Bakery,450g,16
Front Street Bakery,420g,15
Front Street Bakery,600g,11
Front Street Bakery,90g,9
Front Street Bakery,1.2kg,9
Front Street Bakery,85g,8
Front Street Bakery,370g,8
Front Street Bakery,2x114g,8
Front Street Bakery,120g,8
Front Street Bakery,100g,8
Front Street Bakery,360g,7
Front Street Bakery,140g,7
Front Street Bakery,900g,6
Front Street Bakery,650g,6
Front Street Bakery,130g,6
Front Street Bakery,1.3kg,6
Front Street Bakery,75g,5
Front Street Bakery,675g,5
Front Street Bakery,550g,5
Front Street Bakery,4x114g,5
Front Street Bakery,425g,5
Front Street Bakery,400g,5
Front Street Bakery,125g,5
Front Street Bakery,1.1kg,5
Front Street Bakery,440g,4
Front Street Bakery,340g,4
Front Street Bakery,180g,4
Front Street Bakery,1500g,4
Front Street Bakery,1300g,4
Front Street Bakery,1.25kg,4
Front Street Bakery,975g,3
Front Street Bakery,750g,3
Front Street Bakery,570g,3
Front Street Bakery,512g,3
Front Street Bakery,480g,3
Front Street Bakery,336g,3
Front Street Bakery,2x38g,3
Front Street Bakery,1un,3
Front Street Bakery,150g,3
Front Street Bakery,110g,3
Front Street Bakery,1000g,3
Front Street Bakery,1.5kg,3
Front Street Bakery,1.4kg,3
Front Street Bakery,1.275kg,3
Front Street Bakery,950g,2
Front Street Bakery,875g,2
Front Street Bakery,80g,2
Front Street Bakery,800g,2
Front Street Bakery,720g,2
Front Street Bakery,70g,2
Front Street Bakery,700g,2
Front Street Bakery,65g,2
Front Street Bakery,630g,2
Front Street Bakery,60g,2
Front Street Bakery,6 un - 420g,2
Front Street Bakery,590g,2
Front Street Bakery,575g,2
Front Street Bakery,525g,2
Front Street Bakery,510g,2
Front Street Bakery,468g,2
Front Street Bakery,460g,2
Front Street Bakery,456g,2
Front Street Bakery,454g,2
Front Street Bakery,452g,2
Front Street Bakery,4 un - 550g,2
Front Street Bakery,4 un - 360g,2
Front Street Bakery,38g,2
Front Street Bakery,375g,2
Front Street Bakery,350g,2
Front Street Bakery,325g,2
Front Street Bakery,300g,2
Front Street Bakery,2x90g,2
Front Street Bakery,270g,2
Front Street Bakery,26g,2
Front Street Bakery,225g,2
Front Street Bakery,1kg,2
Front Street Bakery,170g,2
Front Street Bakery,167g,2
Front Street Bakery,155g,2
Front Street Bakery,145g,2
Front Street Bakery,1450g,2
Front Street Bakery,144g,2
Front Street Bakery,135g,2
Front Street Bakery,121g,2
Front Street Bakery,1200g,2
Front Street Bakery,115g,2
Front Street Bakery,109g,2
Front Street Bakery,1.7kg,2
Front Street Bakery,1.6kg,2
Front Street Bakery,1.45kg,2
Front Street Bakery,1.250kg,2
Front Street Bakery,988g,1
Front Street Bakery,984g,1
Front Street Bakery,94g,1
Front Street Bakery,945g,1
Front Street Bakery,93g,1
Front Street Bakery,920g,1
Front Street Bakery,902g,1
Front Street Bakery,850g,1
Front Street Bakery,8 un - 520g,1
Front Street Bakery,8 un - 500g,1
Front Street Bakery,8 un - 480g,1
Front Street Bakery,783g,1
Front Street Bakery,72g,1
Front Street Bakery,712g,1
Front Street Bakery,6x70g,1
Front Street Bakery,6x115g,1
Front Street Bakery,6x110g,1
Front Street Bakery,6un,1
Front Street Bakery,689g,1
Front Street Bakery,685g,1
Front Street Bakery,63g,1
Front Street Bakery,615g,1
Front Street Bakery,6 un - 480g,1
Front Street Bakery,6 un - 380g,1
Front Street Bakery,6 un - 360g,1
Front Street Bakery,6 un - 325g,1
Front Street Bakery,6 un - 285g,1
Front Street Bakery,593g,1
Front Street Bakery,580g,1
Front Street Bakery,564g,1
Front Street Bakery,560g,1
Front Street Bakery,55g,1
Front Street Bakery,558g,1
Front Street Bakery,552g,1
Front Street Bakery,522g,1
Front Street Bakery,51g,1
Front Street Bakery,50g,1
Front Street Bakery,504g,1
Front Street Bakery,4x67g,1
Front Street Bakery,4x66g,1
Front Street Bakery,4un,1
Front Street Bakery,482g,1
Front Street Bakery,47g,1
Front Street Bakery,475g,1
Front Street Bakery,470g,1
Front Street Bakery,432g,1
Front Street Bakery,430g,1
Front Street Bakery,414g,1
Front Street Bakery,4 un - 650g,1
Front Street Bakery,4 un - 350g,1
Front Street Bakery,4 un - 340g,1
Front Street Bakery,4 un - 300g,1
Front Street Bakery,4 un - 280g,1
Front Street Bakery,4 un - 204g,1
Front Street Bakery,390g,1
Front Street Bakery,380g,1
Front Street Bakery,376g,1
Front Street Bakery,320g,1
Front Street Bakery,310g,1
Front Street Bakery,2x94g,1
Front Street Bakery,2x80g,1
Front Street Bakery,2x65g,1
Front Street Bakery,2x61g,1
Front Street Bakery,2x165g,1
Front Street Bakery,2x115g,1
Front Street Bakery,2x110g,1
Front Street Bakery,290g,1
Front Street Bakery,280g,1
Front Street Bakery,279g,1
Front Street Bakery,275g,1
Front Street Bakery,246g,1
Front Street Bakery,226g,1
Front Street Bakery,200g,1
Front Street Bakery,2.3 kg (serves 15-20),1
Front Street Bakery,190g,1
Front Street Bakery,18g,1
Front Street Bakery,185g,1
Front Street Bakery,1675g,1
Front Street Bakery,165g,1
Front Street Bakery,1600g,1
Front Street Bakery,1550g,1
Front Street Bakery,141g,1
Front Street Bakery,1400g,1
Front Street Bakery,12x61g,1
Front Street Bakery,12x28g,1
Front Street Bakery,129g,1
Front Street Bakery,128g,1
Front Street Bakery,1250g,1
Front Street Bakery,122g,1
Front Street Bakery,118g,1
Front Street Bakery,116g,1
Front Street Bakery,1150g,1
Front Street Bakery,1125g,1
Front Street Bakery,108g,1
Front Street Bakery,107g,1
Front Street Bakery,105g,1
Front Street Bakery,1.9kg,1
Front Street Bakery,1.8kg,1
Front Street Bakery,1.77kg,1
Front Street Bakery,1.55kg,1
Front Street Bakery,1.4 KG,1
Front Street Bakery,1.35kg,1
Front Street Bakery,1.32kg,1
Front Street Bakery,1.28kg,1
Front Street Bakery,1.225kg,1
Front Street Bakery,1.175kg,1
Front Street Bakery,1 un,1
Frontier Bakery,330g,4
Frontier Bakery,360g,2
Frontier Bakery,300g,2
Frontier Bakery,Frontier Bakery Lebanese Style Whole Wheat Pita Bread,1
Frontier Bakery,Frontier Bakery Lebanese Style White Pita Bread,1
Frontier Bakery,504g,1
Frontier Bakery,425g,1
Froot Loop Marshmellow Cereal 315Gx12,Froot Loop Marshmellow Cereal 315Gx12,1
Froot Loops,825g,1
Froot Loops,480g,1
Froot Loops,345g,1
Frooti,6x200.0ml,2
Frooti,1000ml,2
Frooti,1.5l,2
Frooti,1l,1
Frosted Flakes,580g,1
Frosted Flakes,435g,1
Frosted Flakes,425g,1
Frosted Flakes,1.06kg,1
Frosted Mini-Wheats,650g,2
Frosted Mini-Wheats,Strawberry Flavour,1
Frosted Mini-Wheats,Special Edition,1
Frosted Mini-Wheats,MW Original CRL 460GX12,1
Frosted Mini-Wheats,MW Brown Sugar CRL 460GX12,1
Frosted Mini-Wheats,1200g,1
Frosty the Snowman,50g,1
Frozen,2500g,1
Frozen,220g,1
Fruit 2 O,502ml,11
Fruit 20,502ml,2
Fruit Bliss,368g,1
Fruit By The Foot by Betty Crocker,128g,3
Fruit By The Foot by Betty Crocker,637g,1
Fruit Gushers,6 Each,1
Fruit Gushers,368g,1
Fruit Gushers by Betty Crocker,138g,3
Fruit Peel,Cut450g,1
Fruit by the Foot,637g,1
Fruit by the Foot,6 Each,1
Fruit by the Foot,128g,1
Fruit d'Or,1l,3
Fruit of the Land,330g,3
Fruit of the Land,250ml,3
Fruit-A-Peel,28g,3
Fruit-a-Peel,p,1
Fruit-a-Peel,each flat offers a symphony of taste wi,1
Fruit-a-Peel,artificial fl,1
Fruit20,502ml,1
Fruit2O,502ml,9
Fruite,2l,15
Fruite,1.54l,12
Fruite,502ml,1
Fruiti-O,Mango Juice Drink,1
Fruiti-O,Lychee Juice Drink,1
Fruiti-O,Guava Juice Drink,1
Fruitopia,295ml,5
Fruitopia,1l,5
Fruitopia,1.75l,5
Fruitopia,1.75 xl,4
Fruitopia,1.75?l,2
Fruitopia,295 xml,1
Fruitopia,1 Litre,1
Fruits de mer du Qu¨¦bec,227g,1
Fruity Coconut Jelly,1.47kg,1
Fruit¨¦,1.54l,10
Fruit¨¦,2l,9
Fruit¨¦,2?l,5
Fry's,49g,2
Fry's,454g,2
Fry's,51g,1
Fry's,227g,1
Fry's Cocoa,454g,1
Fry's Cocoa,227g,1
Fudgee,303g,6
Fudgee,488g,2
Fudgee O,303g,2
Fudgee O,488g,1
Fudgee-O,488g,2
FudgeeO,303g,4
Fudgesicle,12 Bars x 60ml,1
Fudgsicle,12x60ml,1
Fudgsicle,12 Each,1
Fufafayo,Fruit Food Candy Stand For Christmas,2
Fufafayo,presse - agrumes manuel moins de 5 $?conomisez jusqu'¨¤ 90%,1
Fufafayo,pompe ¨¤ siphon de transfert de liquide pompe ¨¤ huile,1
Fufafayo,poivrons et piments dans la cuisine,1
Fufafayo,moyennes et grandes cuill¨¨res disponibles,1
Fufafayo,hidratantes y activos moins de 5 $?conomisez jusqu'¨¤ 90% Clearing livraison gratuite,1
Fufafayo,hidratantes y activos,1
Fufafayo,brosse ¨¤ huile barbecue moins de 5 $?conomisez jusqu'¨¤ 90% Clearing livraison gratuite,1
Fufafayo,bonbons et sucre brun en poudre moins de 5 $?conomisez jusqu'¨¤ 90%,1
Fufafayo,Powder Spreading Bot,1
Fufafayo,Fufafayo Single hole sauce bouteille extrud¨¦e cr¨¨me sauce bouteille extrud¨¦e sauce tomate Salade bouteille extrud¨¦e moins de 5 $?conomisez jusqu'¨¤ 90% Clearing livraison gratuite,1
Fufafayo,Fufafayo Sac ¨¤ th¨¦ lapin mignon de P?ques suspendu sac ¨¤ th¨¦ fixe sac ¨¤ th¨¦ fixe tasse ¨¤ th¨¦ d¨¦coration murale lapin diff¨¦renciateur moins de 5 $?conomisez jusqu'¨¤ 90%,1
Fufafayo,Fufafayo Promotion de liquidation Shampooing pliable gonflable pour les femmes enceintes ?g¨¦es handicap¨¦es,1
Fufafayo,Fufafayo Promotion de liquidation Remplacement du filtre pour la s¨¦rie 800 870 880 - 1 Pack,1
Fufafayo,Fufafayo Offres flash ?tudiant pencil Bag coin Bag Cosmetics Bag papeterie de bureau Teen School beige organisateur,1
Fufafayo,Fufafayo Moule de couteau de boulangerie de biscuit d'artisanat de g?teau de sucre d'aluminium de moulage moins de 5 $?conomisez jusqu'¨¤ 90% Clearing livraison gratuite,1
Fufafayo,Fufafayo Mini moulin ¨¤ ail Mini moulin ¨¤ ail moulin ¨¤ ail manuel petit moulin ¨¤ ail moulin ¨¤ ail moulin ¨¤ ail moins de 5 $?conomisez jusqu'¨¤ 90% Clearing livraison gratuite,1
Fufafayo,Fufafayo Manucure bicolore solide miroir poudre carr¨¦ bicolore ongle miroir poudre titane poudre moins de 5 $?conomisez jusqu'¨¤ 90% Clearing livraison gratuite,1
Fufafayo,Fufafayo Free Shipping Clearance Stereo DIY Flower Leaf Folding And Pressing Baking Fondant Cake Deals of the Week Clearance,1
Fufafayo,Fufafayo Free Shipping Clearance Kitchen Pot And Seasoning Bottle Sea Pepper Powder Telescopic Seasoning Can Spoon Cover Integrated Deals of the Week Clearance,1
Fufafayo,Fufafayo Free Shipping Clearance Cheese Cream Cake Cheese Cheese Shape Deals of the Week Clearance,1
Fufafayo,Fufafayo Free Shipping Clearance Bread Loaf Pan Bread Rectangle Non-Stick Baking Deals of the Week Clearance,1
Fufafayo,Fufafayo Free Shipping Clearance Bear Ice Household Ice Making Ice Tray Ice Box Coffee Ice Bear Ice Cream Deals of the Week Clearance,1
Fufafayo,Fufafayo Flash Deals of the Day Ice Cream Molds Home Make Popsicle Popsicle Diy Ice Cream Frozens Ice Block Box Ice Cream Ice Box Homemade Ice Box Popsicle Clearance Saving Up To 65% Off,1
Fufafayo,Fufafayo Flash Deals of the Day Home Made Ice Cream Set Box For Making Ice Cream Ice Cream Ice Cream Children's Ice Cream Stick Ice Cream Stick Clearance Saving Up To 65% Off,1
Fufafayo,Fufafayo Flash Deals of the Day Home Baking Bee Rice Cake Model Critter Cake Model Clearance Saving Up To 65% Off,1
Fufafayo,Fufafayo Flash Deals of the Day Cream Horn Model Stainless Steel Roll Flared Danish Croissant Model Clearance Saving Up To 65% Off,1
Fufafayo,Fufafayo Flacon d'assaisonnement extrud¨¦ 11 OZ avec flacon d'assaisonnement chaud ¨¤ clapet huile d'assaisonnement extrud¨¦e gel liquide moins de 5 $?conomisez jusqu'¨¤ 90%,1
Fufafayo,Fufafayo D¨¦gagement ¨¤ domicile Silicones Moules ¨¤ chocolat Chocolats Bar Moules Silicones Moules Moules ¨¤ chocolat,1
Fufafayo,Fufafayo D¨¦gagement ¨¤ domicile Silicones Moules ¨¤ Chocolat Chocolats Moules ¨¤ Barre Moules Silicones Moules ¨¤ Chocolat,1
Fufafayo,Fufafayo D¨¦gagement ¨¤ domicile Glacier Pattern Assaisonnement Pot Assaisonnement M¨¦nage Condiments MSG Assaisonnement Bo?te Shaker Cuisine Assaisonnement Bo?te De Rangement,1
Fufafayo,Fufafayo Double couleur cuisson ensemble de trois pi¨¨ces agitation grattoir cr¨¨me grattoir brosse ¨¤ huile outils de cuisson fournitures moins de 5 $?conomisez jusqu'¨¤ 90%,1
Fufafayo,Fufafayo Des ¨¦conomies! Ustensiles de cuisine bouteille d'assaisonnement bouteille de sauce tomate bouteille de sauce salade bouteille de brosse ¨¤ huile bouteille de sauce soja bouteille d'huile,1
Fufafayo,Fufafayo Des ¨¦conomies! Soutien lombaire de voiture respirant et respirant pour quatre saisons mignon soutien lombaire,1
Fufafayo,Fufafayo Des ¨¦conomies! Single hole sauce bouteille extrud¨¦e cr¨¨me sauce bouteille extrud¨¦e sauce tomate Salade bouteille extrud¨¦e,1
Fufafayo,Fufafayo Des ¨¦conomies! Shaker de prot¨¦ine ¨¦lectrique Shaker ¨¦lectrique avec bo?te ¨¤ poudre tasse de m¨¦lange enti¨¨rement automatique,1
Fufafayo,Fufafayo Des ¨¦conomies! Presse - agrumes manuel presse - agrumes maison presse - agrumes fruits presse - agrumes Mini presse - agrumes frits jus d'orange citron presse - agrumes orange,1
Fufafayo,Fufafayo Des ¨¦conomies! Poudre de miroir solide bicolore manucure poudre de miroir ¨¤ ongles bicolore poudre de titane,1
Fufafayo,Fufafayo Des ¨¦conomies! Plaquettes biscuits - plaquettes de cuisson antiadh¨¦sives - plaquettes de cuisson faciles ¨¤ nettoyer et r¨¦utilisables pour la fabrication de biscuits - biscuits,1
Fufafayo,Fufafayo Des ¨¦conomies! M¨¢quina de incienso totalmente autom¨¢tica m¨¢quina de incienso de escritorio dom¨¦stica aceite esencial interior comercial del Hotel (solo aceite esencial: 50ml),1
Fufafayo,Fufafayo Des ¨¦conomies! Mini plat de soja assaisonn¨¦ avec poign¨¦e pour sauce tomate snacks aromatis¨¦s,1
Fufafayo,Fufafayo Des ¨¦conomies! Lollipop silicone peut r¨¦utiliser le silicone pour correspondre ¨¤ lollipop,1
Fufafayo,Fufafayo Des ¨¦conomies! Livraison gratuite en acier inoxydable Spinning Whisk 12 pouces semi - automatique Whisk presse manuelle Spinning Whisk pour moins de 5 $?conomisez jusqu'¨¤ 90%,1
Fufafayo,Fufafayo Des ¨¦conomies! G?teau fuuny mignon p?tisserie / biscuits / timbre autocollant,1
Fufafayo,Fufafayo Des ¨¦conomies! Grain de caf¨¦ poudre de caf¨¦ sec conteneur scell¨¦ 304 r¨¦servoir de stockage scell¨¦ en acier inoxydable,1
Fufafayo,Fufafayo Des ¨¦conomies! Flacon d'assaisonnement extrud¨¦ 11 OZ avec flacon d'assaisonnement chaud ¨¤ clapet huile d'assaisonnement extrud¨¦e gel liquide,1
Fufafayo,Fufafayo Des ¨¦conomies! Filtre ¨¤ soupe cuill¨¨re ¨¤ huile huile de cuisine filtre ¨¤ soupe pi¨¨ces s¨¦par¨¦es,1
Fufafayo,Fufafayo Des ¨¦conomies! Distributeur d'assaisonnement de sauce soja pour bouteille d'huile ¨¤ pointes,1
Fufafayo,Fufafayo Des ¨¦conomies! Cuisine maison avec couvercle cinq trous bouteille avec graduation bouteille assaisonnement cuisine ketchup bouteille assaisonnement bouteille,1
Fufafayo,Fufafayo Des ¨¦conomies! Cuill¨¨re ¨¤ huile de filtre en acier inoxydable cuill¨¨re ¨¤ huile de filtre multifonction en acier inoxydable maille fine filtre ¨¤ huile,1
Fufafayo,Fufafayo Des ¨¦conomies! Couvercle de tasse r¨¦glable pour boissons au caf¨¦ chaud et couvercle de tasse en cuir pour bouilloire,1
Fufafayo,Fufafayo Des ¨¦conomies! Chrysanth¨¨me lock collier huile de tournesol goutte pendentif double couche peut ouvrir le collier de tournesol,1
Fufafayo,Fufafayo Des ¨¦conomies! Brosse ¨¤ barbecue avec bouteille cuisine longue poign¨¦e brosse ¨¤ huile barbecue brosse outils de cuisson,1
Fufafayo,Fufafayo Des ¨¦conomies! Bouteille d'injection d'huile ¨¦lectrique Home po¨ºle ¨¤ frire huile d'olive Spray r¨¦duire artefacts verser pot,1
Fufafayo,Fufafayo Des ¨¦conomies! Bouteille d'huile maison cuisine verre bouteille d'huile bouteille d'¨¦pices pot d'aromatisation seau ¨¤ huile ¨¦tanche grande capacit¨¦ Cuisine Restaurant,1
Fufafayo,Fufafayo Des ¨¦conomies! Accueil round fruit snacks sucre biscuits ray¨¦s fruits melon fruits,1
Fufafayo,Fufafayo Des ¨¦conomies! Accueil fruits secs moulin ¨¤ ail moulin ¨¤ noix moulin ¨¤ noix main gingembre Grinder,1
Fufafayo,Fufafayo Des ¨¦conomies! Accueil brosse ¨¤ huile bouteille d'huile avec bouteille outil de barbecue int¨¦gr¨¦ brosse ressort t¨¦lescopique brosse bouteille d'huile,1
Fufafayo,Fufafayo Des ¨¦conomies! 304 cuill¨¨re ¨¤ huile ¨¦tanche en acier inoxydable outil de cuisine suspendu cuill¨¨re ¨¤ huile filtre ¨¤ huile filtre ¨¤ huile cuill¨¨re ¨¤ mousse,1
Fufafayo,Fufafayo Des ¨¦conomies! 2 / 4 / 5pcs silvr fil chiffon anti - adh¨¦sif linge ¨¤ huile cuisine cuisini¨¨re lave - vaisselle torchon,1
Fufafayo,Fufafayo Des ¨¦conomies! 12PCS fruit Star Fudge cake piston moule outil de coupe,1
Fufafayo,Fufafayo Deals of The Day Single Hole Sauces Extrusion Bottle Cream Sauces Extrusion Bottle Tomato Salad Sauces Extrusion Sauces Bottle,1
Fufafayo,Fufafayo Deals of The Day Segmented Candy Box Household Nut Box Dried Fruit Box Living Room Snack Box Plastic Fruit Box Snack Box,1
Fufafayo,Fufafayo Deals of The Day Ice Tray Ice Box Food Grade Ice With Lid Ice Food Supplement,1
Fufafayo,Fufafayo Deals of The Day Home Made Popsicles Popsicles Ice Cream MOLDSs Homemade Frost Ice Cream Popsicles Popsicles And Popsicle Boxes,1
Fufafayo,Fufafayo Deals of The Day Fruit Tray Clear Snack Display Tray Candy Snack Tray Nut And Dried Fruit Storage Box Snack Tray For Kitchen And Party Food And Pantry Organization,1
Fufafayo,Fufafayo Deals of The Day Easter Lovely Rabbit Tea Bag Hanging Fixed Tea Bag Fixed Tea Bag Tea Cup Wall Decoration Rabbit Differentiator,1
Fufafayo,Fufafayo Deals of The Day DIY Ice Cream Making Ice Box Popsicle,1
Fufafayo,Fufafayo Deals of The Day Coffee Cup Filter Screen Double-layer Portable Hand Brewed Coffee Folding Ear Filter Drip Coffee Coffee Cup,1
Fufafayo,Fufafayo Deals of The Day 4 Hand-held Popsicles With Transparent Self-made Ice Cream With Lid,1
Fufafayo,Fufafayo Cuisine maison avec couvercle cinq trous bouteille avec graduation bouteille assaisonnement cuisine ketchup bouteille assaisonnement bouteille moins de 5 $?conomisez jusqu'¨¤ 90%,1
Fufafayo,Fufafayo Cuill¨¨re ¨¤ huile de filtre en acier inoxydable cuill¨¨re ¨¤ huile de filtre multifonction en acier inoxydable maille fine filtre ¨¤ huile moins de 5 $?conomisez jusqu'¨¤ 90%,1
Fufafayo,Fufafayo Clearing d¨¦coration de maison Silicone Tea Bag filtre ¨¤ th¨¦ silicone Tea Filter moins de 5 $?conomisez jusqu'¨¤ 90% Clearing livraison gratuite,1
Fufafayo,Fufafayo Clearing d¨¦coration de maison Rond 12CM ¨¦paissi isol¨¦ th¨¦ boisson tasse caf¨¦ moins de 5 $?conomisez jusqu'¨¤ 90% Clearing livraison gratuite,1
Fufafayo,Fufafayo Clearing d¨¦coration de maison Multifonctionnel 5 en 1 ¨¦plucheur pinceau de l¨¦gumes ouvre - bouteille moulin ¨¤ ail moins de 5 $?conomisez jusqu'¨¤ 90% Clearing livraison gratuite,1
Fufafayo,Fufafayo Clearing d¨¦coration de maison Mini plat de soja assaisonn¨¦ avec poign¨¦e pour sauce tomate snacks aromatis¨¦s moins de 5 $?conomisez jusqu'¨¤ 90% Clearing livraison gratuite,1
Fufafayo,Fufafayo Clearing d¨¦coration de maison Lollipop silicone peut r¨¦utiliser le silicone pour correspondre ¨¤ lollipop moins de 5 $?conomisez jusqu'¨¤ 90% Clearing livraison gratuite,1
Fufafayo,Fufafayo Clearing d¨¦coration de maison Graduation cap ¨¦poxy chocolat Fudge cake outil de cuisson moins de 5 $?conomisez jusqu'¨¤ 90% Clearing livraison gratuite,1
Fufafayo,Fufafayo Clearing d¨¦coration de maison Filtre ¨¤ th¨¦ en acier inoxydable en forme de c?ur filtre ¨¤ herbes moins de 5 $?conomisez jusqu'¨¤ 90% Clearing livraison gratuite,1
Fufafayo,Fufafayo Clearing d¨¦coration de maison Filtre ¨¤ soupe cuill¨¨re ¨¤ huile huile de cuisine filtre ¨¤ soupe pi¨¨ces s¨¦par¨¦es moins de 5 $?conomisez jusqu'¨¤ 90% Clearing livraison gratuite,1
Fufafayo,Fufafayo Clearing d¨¦coration de maison D¨¦tails sur Tea Pack Leaf Filter diffuseur moins de 5 $?conomisez jusqu'¨¤ 90% Clearing livraison gratuite,1
Fufafayo,Fufafayo Clearing d¨¦coration de maison Distributeur d'assaisonnement de sauce soja pour bouteille d'huile ¨¤ pointes moins de 5 $?conomisez jusqu'¨¤ 90% Clearing livraison gratuite,1
Fufafayo,Fufafayo Clearing d¨¦coration de maison Cuisine maison poreux ¨¦tanche miel flacon aromatisant bouteille extrud¨¦e moins de 5 $?conomisez jusqu'¨¤ 90% Clearing livraison gratuite,1
Fufafayo,Fufafayo Clearing d¨¦coration de maison Accueil Cuisine cuisini¨¨re Foil huile cuisson Hot clapet outils de cuisine moins de 5 $?conomisez jusqu'¨¤ 90% Clearing livraison gratuite,1
Fufafayo,Fufafayo Clearance Promotion Popsicle Holders Bags Reusable Washable Ice Popsicle Holders 10pc,1
Fufafayo,Fufafayo Clearance Promotion New Compartment Fruit With Lid Platter Household Candy Box Living Room Fruit Platter Snack Dried Fruit Box,1
Fufafayo,Fufafayo Clearance Promotion Fruit Living Room Home Melon Nut New Year Dried Fruit Party Snack Dessert High Appearance Level Fruit,1
Fufafayo,Fufafayo Clearance Promotion Candy Box Nut Snack Organizer Melon Dried Fruit Tray With Lid Compartment Storage Box Nut And Dried Fruit Organizer Snack Tray For Kitchen And Parties,1
Fufafayo,Fufafayo Clearance Promotion 304 Stainless Steel Large Capacity Multipurpose Oil Filter - Ideal For Grease Cooking Oil And More - Non-Leakage And Drip- Design,1
Fufafayo,Fufafayo Clearance Promotion 100 Pcs Empty Teabags String Heat Filter Paper Herb Loose Tea Bag,1
Fufafayo,Fufafayo Cabine t¨¦l¨¦phonique int¨¦rieure pour les personnes ?g¨¦es petite lampe ¨¤ huile H?tel sc¨¨ne arrangement ornement lumineux moins de 5 $?conomisez jusqu'¨¤ 90%,1
Fufafayo,Fufafayo Brosse ¨¤ huile maison assaisonnement brosse ¨¤ huile Split cuisine alimentaire brosse ¨¤ huile barbecue moins de 5 $?conomisez jusqu'¨¤ 90% Clearing livraison gratuite,1
Fufafayo,Fufafayo Brosse ¨¤ huile de bouteille d'huile de qualit¨¦ alimentaire avec couvercle r¨¦sistant aux temp¨¦ratures ¨¦lev¨¦es bouteille d'huile Extrusion barbecue brosse ¨¤ huile barbecue,1
Fufafayo,Fufafayo Brosse ¨¤ bouteille d'huile droite opaque barbecue barbecue brosse ¨¤ huile avec brosse gradu¨¦e outils de cuisine moins de 5 $?conomisez jusqu'¨¤ 90% Clearing livraison gratuite,1
Fufafayo,Fufafayo Bouteille d'injection d'huile ¨¦lectrique Home po¨ºle ¨¤ frire huile d'olive Spray r¨¦duire artefacts verser pot moins de 5 $?conomisez jusqu'¨¤ 90% Clearing livraison gratuite,1
Fufafayo,Fufafayo Bouilloire cuisine sans huile maison bouteille d'huile ¨¦paissie huile de cuisson verre sp¨¦cial aromath¨¦rapie bouilloire Cuisine Restaurant bouteille d'¨¦pices,1
Fufafayo,Fufafayo Bouchon de bouteille de bi¨¨re scell¨¦ ¨¦tanche bouchon souple pour canette de vin rouge cola moins de 5 $?conomisez jusqu'¨¤ 90% Clearing livraison gratuite,1
Fufafayo,Fufafayo Acier inoxydable filtre ¨¤ huile cuill¨¨re s¨¦parateur d'huile cuill¨¨re ¨¤ soupe cuill¨¨re s¨¦parateur de graisse moins de 5 $?conomisez jusqu'¨¤ 90% Clearing livraison gratuite,1
Fufafayo,Fufafayo 304 en acier inoxydable approfondir l'huile chaude po¨ºle ¨¤ frire ¨¤ l'huile huile Mini po¨ºle ¨¤ huile huile huile nouilles sp¨¦ciales gouttes d'huile petit plat ¨¤ lait,1
Fufafayo,Each Lollipop Comes With A Small Stick Clearance Saving Up To 65% Off,1
Fugacal,Easy To Operate Sealing Ring Coffee Maker Pot For Camping 50ml,1
Full Throttle,473ml,1
Full Throttle,473 Millilitre,1
Fumoir St-Antoine,85g,2
Fumoir St-Antoine,100g,1
Fumoir des Cantons,140g,2
Fun Dip,40.5g,1
Funie,Funie 100Pcs Kitchen Disposable Drawstring Non-Woven Fabric Tea Herb Filter Bag Pouch,1
Funyuns,81g,4
Funyuns,125g,3
Funyuns,Minis81g,1
Furca,450g,4
Furlani,638g,5
Furlani,16x40.0g,4
Furlani,284g,3
Furlani,16 Each,3
Furlani,240g,2
Furlani,Furlani Tex Mex Knots,1
Furlani,Furlani Garlic Parmesan Texas Toast 480g,1
Furlani,Furlani Cranberry & Honey Soft Rolls,1
Furlani,Furlani Caramelized Onion & Sage Soft Rolls,1
Furlani,Furlani Aged Cheddar & Garlic Biscuits,1
Furlani,8 pk - 296g,1
Furlani,660g,1
Furlani,5 breadsticks,1
Furlani,480g,1
Furlani,298g,1
Furlani,296g,1
Furlani,288g,1
Furlani,227g/6 knots,1
Furlani,12x55.0g,1
Furlani,12 Breadsticks,1
Future,907g,1
Future,900g,1
Future,566g,1
Fyydes,Professional Ink long lasting Fast Coloring Pigment Orange label 29.6ml,1
Fyydes,For Casadio,1
Fyydes,Electroplated Grey Coffee Pot High Borosilicate Glass For Kitchen 500ml,1
Fyydes,Easy Demoulding For Bakery Home 3 Grooves,1
Fyydes,650ml For Pour Coffee Make Coffee Home Coffee Shop Black,1
F¨¦lix & Norton,500g,2
G Hughes,490ml,8
G Hughes,355ml,6
G Hughes,367g,1
G Hughes,345ml,1
G Hughes Smokehouse,490ml,8
G Hughes Smokehouse,355ml,7
G Hughes Smokehouse,367g,3
G Hughes Smokehouse,354ml,2
G-GREAT VALUE PL,2kg,2
G-GREAT VALUE PL,8kg,1
G.H. Cretors,213g,1
G.H.Cretors,213g,1
G.T.'s,GTS GINGERADE 1.4l,1
G.T.'s,G.T.'s TRIlOGY 1.4l,1
G.T.'s,480ml,1
GATORADE GFIT,Gatorade G FIT Watermelon Strawb 6x500ml,1
GATORADE GFIT,Gatorade G FIT Tropical Mango 6x500ml,1
GATORADE GFIT,Gatorade G FIT Citrus Berry 6x500ml,1
GHIRARHELLI,138g,3
GIA,80g,2
GLUTENBERG,4x473.0ml,1
GM5,210g,1
GO PURE,5 Each,6
GO PURE,175g,3
GO PURE,Orchard Fruit5 Each,1
GO PURE,Orchard Fruit140g,1
GO PURE,Fieldberry5 Each,1
GO PURE,Fieldberry140g,1
GO PURE,Apple & Cinnamon5 Each,1
GO PURE,Apple & Cinnamon175g,1
GOLD PEAK,2.63 Litre,1
GOLDEGG,GOLDEGG GE ORGANIC LG 12,1
GOLDEN DRAGON,455ml,1
GREAT VALUE PL,340g,2
GREAT VALUE PL,Great Value Mac and cheese 1kg,1
GREAT VALUE PL,GREAT VAlUE Pl GV AlMOND ORIGINAl,1
GREAT VALUE PL,E-GREAT VALUE PL GV CUT GREEN BEANS,1
GREAT VALUE PL,450g,1
GREAT VALUE PL,425g,1
GREAT VALUE PL,382g,1
GREAT VALUE PL,375g,1
GREAT VALUE PL,350g,1
GREAT VALUE PL,345g,1
GREAT VALUE PL,286g,1
GREEN & BLACK'S,90g,3
GROWTH TANK,GROWTH TANK Mini Espresso Making Machine Manual Coffee Maker Travel Gadgets Black,1
GT KOMBUCHA,480ml - Organic & raw,2
GT'S,480ml,20
GT'S,1.4l,4
GT's,480ml,16
GT's,1.4l,9
GT's,480 Millilitre,3
GT's,1.4 Litre,2
GT's,350ml,1
GTS,480 Millilitre,1
GUOOL,GUOOl Seasoning Jar small,1
GUOOL,GUOOL Reusable Metal Cone Paperless Strainer Funnel Golden,1
GUOOL,GUOOL Coffee Cup 200ml Ceramic Coffee Cup Coffee Roasters Espresso Shot Coffee Cup inner white,1
GUOOL,GUOOL 50Pcs Coffee Paper Basket s Paper for Coffee Machine S S,1
GUOOL,GUOOL 2-3 of pack Candy Cane Kids Belly Dance Stick Hanging Decor 3 Pcs,1
GUOOL,GUOOL 10ml DIY Colorants Pigments 10ml yellow 10ml lemon yellow,1
GUOOL,GUOOL 10ml DIY Colorants Pigments 10ml pink,1
GUOOL,GUOOL 10ml DIY Colorants Pigments 10ml brown,1
GUOOL,GUOOL 10ml DIY Colorants Pigments 10ml black,1
GUOOL,GUOOL 10ml DIY Colorants Pigments 10ml 10ml rose red,1
GUOOL,Coffee Filter Mesh Plate Coffee Filter Screen Professional Espresso Disc Screen 49mm,1
GURU,355ml,2
GURU,Guru Organic Energy Theanine Fruit Punch 355ml,1
GURU,GURU ORGANIC ENERGY GUAYUSA TROPICAl PUNCH 355ml,1
GURU,355ml Can/ 4 Pack,1
Gabriel Ryde Control,120g,2
Gadoua,675g,6
Gai Lan,Fresh454g,1
Galaxy,42g,2
Galbani,227g,14
Galbani,500g,5
Galbani,170g,3
Gale's,410g,1
Galerie Au Chocolat,100g,4
Galil,100g,15
Galil,370,8
Galil,40g,7
Galil,368g,7
Galil,100,6
Galil,20ea,4
Galil,1.75g,4
Galil,400g,3
Galil,227g,2
Galil,Tea Peppermint KPY,1
Galil,Tea Green KPY,1
Galil,Tea Camomille KPY,1
Galil,Tea Anise,1
Galil,Syrup Date KPY,1
Galil,Sun-Dried Figs Garland,1
Galil,Pickles 7-9 King Size Brine Cucumber,1
Galil,Galil Raspberry Preserve,1
Galil,Galil Preserve Blackcurrant,1
Galil,"Galil Mixed Berry Preserve,",1
Galil,GALIL Tea Green KPY 20pc,1
Galil,GALIL Tea Camomille KPY 20pc,1
Galil,Fennel Tea KPY,1
Galil,E-ALTRA GRAPE LEAVES,1
Galil,E-ALTRA CANNED,1
Galil,Artichoke Bottoms KPY,1
Galil,538g,1
Galil,500ml,1
Galil,410g,1
Galil,397g,1
Galil,35g.,1
Galil,35g,1
Galil,226g,1
Galil,120g,1
Gallo,1l,5
Gallo,3l,1
Gallo Salame,1l,1
Galup,750g,6
Ganfancp,Ganfancp Silica Gel Tea Bag Tea Filter Silica Gel Tea Filter for Home,1
Ganfancp,Ganfancp Silica Gel Tea Bag Tea Filter Silica Gel Tea Filter Holiday Deals,1
Ganfancp,Ganfancp Silica Gel Tea Bag Tea Filter Silica Gel Tea Filter Deals,1
Ganfancp,Ganfancp Segmented Candy Box Household Nut Box Dried Fruit Box Living Room Snack Box Plastic Fruit Box Snack Box Weekly Deals,1
Ganfancp,Ganfancp Home Baking Bee Rice Cake Model Critter Cake Model Weekly Deals,1
Ganfancp,Ganfancp Cream Horn Model Stainless Steel Roll Flared Danish Croissant Model Holiday Gift Finder,1
Ganfancp,Bagels and More Summer Savings Clearance,1
Ganfancp,Bagels and More Clearance Items,1
Ganong,265g,3
Ganong,Chocolatier Cherries,1
Ganong,235g,1
Ganong,230g,1
Ganong,225g,1
Ganong,1.65kg,1
Gaqring&nbsp;,hidratantes y activos Home Clearance,1
Gaqring&nbsp;,hidratantes y activos Clearance 2024 Home Decor,1
Gaqring&nbsp;,g?teau bonbons 1 pi¨¨ce Big Deals Items,1
Gaqring&nbsp;,Gaqring Segmented Candy Box Household Nut Box Dried Fruit Box Living Room Snack Box Plastic Fruit Box Snack Box My Orders,1
Gaqring&nbsp;,Gaqring Segmented Candy Box Household Nut Box Dried Fruit Box Living Room Snack Box Plastic Fruit Box Snack Box Home Decors,1
Gaqring&nbsp;,Gaqring Sac ¨¤ th¨¦ lapin mignon de P?ques suspendu sac ¨¤ th¨¦ fixe sac ¨¤ th¨¦ fixe tasse ¨¤ th¨¦ d¨¦coration murale lapin diff¨¦renciateur Today Deals Prime,1
Gaqring&nbsp;,Gaqring Presse - agrumes citron orange presse - agrumes outils de presse ¨¤ fruits manuels Deals of the Week Clearance,1
Gaqring&nbsp;,Gaqring Pendentif en r¨¦sine de verre color¨¦ flying dragon Summer Savings,1
Gaqring&nbsp;,Gaqring Pendentif en r¨¦sine de verre color¨¦ flying dragon Savings,1
Gaqring&nbsp;,Gaqring Pendentif en r¨¦sine de verre color¨¦ flying dragon Home Decors,1
Gaqring&nbsp;,Gaqring Pendentif en r¨¦sine de verre color¨¦ flying dragon Home Clearance,1
Gaqring&nbsp;,Gaqring Pendentif en r¨¦sine de verre color¨¦ flying dragon Delivery Today,1
Gaqring&nbsp;,Gaqring Mini moulin ¨¤ ail ¨¦lectrique moulin ¨¤ ail ¨¦lectrique sans fil extracteur d'ail machine ¨¤ ¨¦craser l'ail Online Shopping,1
Gaqring&nbsp;,Gaqring Ice Cream Molds Home Make Popsicle Popsicle Diy Ice Cream Frozens Ice Block Box Ice Cream Ice Box Homemade Ice Box Popsicle Summer Savings,1
Gaqring&nbsp;,Gaqring Home Baking Bee Rice Cake Model Critter Cake Model up to 60% off Gifts,1
Gaqring&nbsp;,Gaqring Filtre ¨¤ th¨¦ Humano?de tea art machine acier inoxydable Tea Art Glass Tea Art Filter Creative tea art glass Todays Order For Delivery,1
Gaqring&nbsp;,Gaqring Filtre ¨¤ th¨¦ Humano?de tea art machine acier inoxydable Tea Art Glass Tea Art Filter Creative tea art glass Prime Day Deals,1
Gaqring&nbsp;,Gaqring Filtre ¨¤ th¨¦ Humano?de tea art machine acier inoxydable Tea Art Glass Tea Art Filter Creative tea art glass My Orders,1
Gaqring&nbsp;,Gaqring Ensemble d'entonnoir multifonctionnel cuisine filtre ¨¤ huile en plastique Home 2 - en - 1 ensemble d'entonnoir de filtration d'injection d'huile Deals of the Week Clearance,1
Gaqring&nbsp;,Gaqring D¨¦tails sur Tea Pack Leaf Filter diffuseur Clearance,1
Gaqring&nbsp;,Gaqring Distributeur d'assaisonnement de sauce soja pour bouteille d'huile ¨¤ pointes My Orders,1
Gaqring&nbsp;,Gaqring Distributeur d'assaisonnement de sauce soja pour bouteille d'huile ¨¤ pointes Home Clearance,1
Gaqring&nbsp;,Gaqring DIY Ice Cream Home outils maison cr¨¨me glac¨¦e qualit¨¦ alimentaire Kids make Ice Bar Prime Day Deals,1
Gaqring&nbsp;,Gaqring DIY Ice Cream Home outils maison cr¨¨me glac¨¦e qualit¨¦ alimentaire Kids make Ice Bar Cheap Stuff,1
Gaqring&nbsp;,Gaqring DIY Conjoined Ice Cream Silica Gel ice Cream Flash deals,1
Gaqring&nbsp;,Gaqring DIY 4 Homemade Ice Cream Chocolate Candy With 20 Wooden Sticks Today'S Order,1
Gaqring&nbsp;,Gaqring DIY 4 Homemade Ice Cream Chocolate Candy With 20 Wooden Sticks Online Shopping,1
Gaqring&nbsp;,Gaqring DIY 4 Homemade Ice Cream Chocolate Candy With 20 Wooden Sticks Free,1
Gaqring&nbsp;,Gaqring DIY 4 Homemade Ice Cream Chocolate Candy With 20 Wooden Sticks 10 Days Of Cleaning,1
Gaqring&nbsp;,Gaqring Cuisine maison avec couvercle cinq trous bouteille avec graduation bouteille assaisonnement cuisine ketchup bouteille assaisonnement bouteille on Clearance,1
Gaqring&nbsp;,Gaqring Cuisine maison avec couvercle cinq trous bouteille avec graduation bouteille assaisonnement cuisine ketchup bouteille assaisonnement bouteille Up To 60% Off Gift On Sale,1
Gaqring&nbsp;,Gaqring Cr¨¨me glac¨¦e en silicone Body Ice Cream DIY Summer Savings,1
Gaqring&nbsp;,Gaqring Coupe - p?te ¨¤ g?teau ¨¤ la cr¨¨me grattoir ¨¤ p?te outil de cuisson Summer Savings,1
Gaqring&nbsp;,Gaqring Children's Donut Inflatable Stick Party Lollipop Decoration Props Cartoons Creatives Inflatable Stick Summer Savings,1
Gaqring&nbsp;,Gaqring Candy Box Nut Snack Organizer Melon Dried Fruit Tray With Lid Compartment Double Storage Box Nut And Dried Fruit Organizer Snack Tray For Kitchen And Parties Summer Sales Saving Up To 30% Off,1
Gaqring&nbsp;,Gaqring Candy Box Nut Snack Organizer Melon Dried Fruit Tray With Lid Compartment Double Storage Box Nut And Dried Fruit Organizer Snack Tray For Kitchen And Parties Gift for kids,1
Gaqring&nbsp;,Gaqring Brosse ¨¤ huile maison assaisonnement brosse ¨¤ huile Split cuisine alimentaire brosse ¨¤ huile barbecue 10 Days of Cleaning,1
Gaqring&nbsp;,Gaqring Brosse huile contr?l¨¦e bouteille de brosse cuisine haute temp¨¦rature transparent Deals of the Week,1
Gaqring&nbsp;,Gaqring Bouteille de pulv¨¦risation d'huile cuisine maison barbecue huile d'olive cuisson bouilloire de pulv¨¦risation d'huile pulv¨¦risateur d'huile r¨¦ducteur God Spray bouilloire de pulv¨¦risation d U,1
Gaqring&nbsp;,Gaqring Bouteille de pulv¨¦risation d'huile cuisine maison barbecue huile d'olive cuisson bouilloire de pulv¨¦risation d'huile pulv¨¦risateur d'huile r¨¦ducteur God Spray bouilloire de pulv¨¦risation d S,1
Gaqring&nbsp;,Gaqring Barbecue brosse ¨¤ huile chaude cuisson barbecue cuisine g?teau outils de cuisson haute temp¨¦rature barbecue brosse Gift for kids,1
Gaqring&nbsp;,Gaqring Bac ¨¤ snacks portatif compartiment de stockage snacks Candy box Fast Delivery,1
Gaqring&nbsp;,Gaqring 80 cavit¨¦s Petit moule carr¨¦ bricolage chocolat Cupcake g?teau muffin cuisson Home Decors,1
Gaqring&nbsp;,Gaqring 50pcs Empty Teabags String Heat Filter Paper Herb Loose Tea Bag Gift,1
Gaqring&nbsp;,Gaqring 50pcs Empty Teabags String Heat Filter Paper Herb Loose Tea Bag Delivery Today,1
Gaqring&nbsp;,Gaqring 50pcs Empty Teabags String Heat Filter Paper Herb Loose Tea Bag Clearance Promotion,1
Gaqring&nbsp;,Gaqring 3 en 1 acier inoxydable double vide Cola canette bouteille de bi¨¨re 12oz refroidisseur d'isolation avec ouvre - bouteille up to 60% off Gifts Clearance,1
Gaqring&nbsp;,Gaqring 3 en 1 acier inoxydable double vide Cola canette bouteille de bi¨¨re 12oz refroidisseur d'isolation avec ouvre - bouteille Up to 60% off Gifts,1
Gaqring&nbsp;,Gaqring 3 en 1 acier inoxydable double vide Cola canette bouteille de bi¨¨re 12oz refroidisseur d'isolation avec ouvre - bouteille Online Shopping,1
Gaqring&nbsp;,Gaqring 100 pailles ray¨¦es de diff¨¦rentes couleurs pour le caf¨¦ Cocktail Shake Summer Sales Saving Up To 30% Off,1
Gaqring&nbsp;,Gaqring 100 pailles ray¨¦es de diff¨¦rentes couleurs pour le caf¨¦ Cocktail Shake Free,1
Gaqring&nbsp;,Gaqring 100 pailles ray¨¦es de diff¨¦rentes couleurs pour le caf¨¦ Cocktail Shake Best Sellers Items,1
Gaqring&nbsp;,Gaqring 100 pailles ray¨¦es de diff¨¦rentes couleurs pour le caf¨¦ Cocktail Shake Best Buy,1
Garam Masala,Bulk1 Pound,1
Garcia De La Cruz,500 Millilitre,1
Gardein,255g,12
Gardein,300g,10
Gardein,397g,8
Gardein,226g,6
Gardein,390g,5
Gardein,360g,5
Gardein,288g,5
Gardein,454g,4
Gardein,425g,4
Gardein,417g,4
Gardein,270g,4
Gardein,205g,4
Gardein,190g,4
Gardein,419g,3
Gardein,415g,3
Gardein,225g,2
Gardein,Gardein Supr¨ºme? Falafel Burger 226g,1
Gardein,Gardein Supr¨ºme? Black Bean Burger 226g,1
Gardein,Gardein Supr¨ºme Chick'n Nuggets,1
Gardein,Gardein Supr¨ºme Chick'n Filets,1
Gardein,GR SUP SAUS SP ITl,1
Gardein,GARDEIN SUP CHICKEN WING BBQ,1
Gardein,GAR MTLS MTBL MRNRA BWL 8/255 G,1
Gardein,GAR BEEF BROC BWL 8//255 G,1
Gardein,E-PINNAClE FOODS GR SUP CKN WNG BFl,1
Gardein,E-PINNACLE FOODS GR SUP SAUS BRTWS,1
Gardein,Chipotle Lime Flavoured270g,1
Gardein,Buffalo419g,1
Gardein,245g,1
Gardein,226g / 2 per pack,1
Garden,200g,16
Garden,288g,2
Garden,324g,1
Garden,200-gram per bag,1
Garden Cocktail,6x213ml,1
Garden Cocktail,1.89l,1
Garden Fresh,473ml,8
Garden Fresh,397g,6
Garden Lites,340g,2
Garden of Life,60ea,1
Garden of Life,30ea,1
Garlic,Mesh3 Each,1
Garlic,Bulk1 Each,1
Garlic,1kg,1
Garlic Expression,370ml,1
Garofalo,500g,10
Garofalo,796ml,1
Garofalo,500ml,1
Garosa,Garosa 5Pcs 304 Stainless Steel Coffee Filter Portable Detachable Coffee Pot Mesh Filter Accessory,1
Garuda,190g,1
Gasp¨¦sien,750g,2
Gasp¨¦sien,250g,1
Gasp¨¦sien,,1
Gatorade,6x591.0ml,29
Gatorade,710ml,27
Gatorade,6x591ml,23
Gatorade,591ml,18
Gatorade,591 Millilitre,17
Gatorade,828ml,12
Gatorade,560g,12
Gatorade,710 Millilitre,7
Gatorade,6 Each,7
Gatorade,500 Millilitre,7
Gatorade,8x355ml,6
Gatorade,8x355.0ml,6
Gatorade,6x500.0ml,6
Gatorade,35g,6
Gatorade,24x591.0ml,6
Gatorade,828 Millilitre,5
Gatorade,500ml,5
Gatorade,48 Millilitre,5
Gatorade,24x591ml,5
Gatorade,80g,4
Gatorade,30g,4
Gatorade,10 Each,4
Gatorade,6x500ml,3
Gatorade,12x80g,3
Gatorade,10un,3
Gatorade,8 Each,2
Gatorade,6X591ml,2
Gatorade,250g,2
Gatorade,24 Each,2
Gatorade,12 Each,2
Gatorade,Gatorade G Fit Watermelon Strawberry 828ml Bottle,1
Gatorade,Gatorade G Fit Watermelon Strawberry 500ml Bottle,1
Gatorade,Gatorade G Fit Tropical Mango 828ml Bottle,1
Gatorade,Gatorade G Fit Tropical Mango 500ml Bottle,1
Gatorade,Gatorade G Fit Citrus Berry 828ml Bottle,1
Gatorade,GATORLYTE CHR LM,1
Gatorade,GATORADE G ZERO POWDER ST ORG,1
Gatorade,GATORADE G ZERO POWDER ST GR,1
Gatorade,GATORADE G ZERO POWDER ST GF,1
Gatorade,GATORADE G ZERO POWDER ST FP,1
Gatorade,GATORADE G ZERO 3FlV 24X591ml,1
Gatorade,GATORADE G POWDER OR,1
Gatorade,GATORADE G POWDER FP,1
Gatorade,Electrolyte Beverage 591ml,1
Gatorade,Berry6 Each,1
Gatorade,946 Millilitre,1
Gatorade,560?g,1
Gatorade,560gr,1
Gattegno,error,1
Gattegno,750g,1
Gattegno,250g,1
Gattegno,1kg,1
Gattuso,398ml,1
Gattuso,213ml,1
Gavioli,750ml,6
Gay Lea,250g,20
Gay Lea,225g,14
Gay Lea,454g,13
Gay Lea,500g,11
Gay Lea,227g,11
Gay Lea,500ml,8
Gay Lea,750g,5
Gay Lea,250ml,5
Gay Lea,450g,4
Gay Lea,450ml,3
Gay Lea,425ml,3
Gay Lea,125g,3
Gay Lea,Gay Lea Grass Fed Salted Butter 250g,2
Gay Lea,4x113.0g,2
Gay Lea,Light225g,1
Gay Lea,Gay Lea Pumpkin Spice Coconut Whipped Topping 225g,1
Gay Lea,Gay Lea Grass Fed Unsalted Butter 250g,1
Gay Lea,Aerosol225g,1
Gay Lea,4x113g,1
Gay Lea,4x100g,1
Gay Lea,450 Millilitre,1
Gay Lea,400g,1
Gay Lea Foods,500ml,3
Gay Lea Foods,227g,2
Gay Lea Foods,225g,2
Gay Lea Foods,1 lb,2
Gay Lea Foods,You can trust Gay Lea Butter,1
Gay Lea Foods,Premium 425ml,1
Gay Lea Foods,454g,1
Gay Lea Foods,450ml,1
Gay Lea Foods,250ml,1
Gedilla,153g,4
Gedilla,142g,3
Gedilla,255g,2
Gedilla,MICROWAVE POPCORN,1
Gedilla,320g,1
Geecy,A94 Made in USA,1
Geecy,A84 Made in USA,1
Geecy,A58 Made in USA,1
Geecy,A477 Made in USA,1
Geecy,A465 Made in USA,1
Geecy,A451 Made in USA,1
Geecy,A45 Made in USA,1
Geecy,A439 Made in USA,1
Geecy,A435 Made in USA,1
Geecy,A426 Made in USA,1
Geecy,A415 Made in USA,1
Geecy,A401 Made in USA,1
Geecy,A400 Made in USA,1
Geecy,A4 Made in USA,1
Geecy,A39 Made in USA,1
Geecy,A35 Made in USA,1
Geecy,A327 Made in USA,1
Geecy,A300 Made in USA,1
Geecy,A287 Made in USA,1
Geecy,A26 Made in USA,1
Geecy,A252 Made in USA,1
Geecy,A251 Made in USA,1
Geecy,A247 Made in USA,1
Geecy,A241 Made in USA,1
Geecy,A237 Made in USA,1
Geecy,A216 Made in USA,1
Geecy,A2 Made in USA,1
Geecy,A197 Made in USA,1
Geecy,A190 Made in USA,1
Geecy,A187 Made in USA,1
Geecy,A176 Made in USA,1
Geecy,A170 Made in USA,1
Geecy,A167 Made in USA,1
Geecy,A137 Made in USA,1
Geecy,A12 Made in USA,1
Geecy,A116 Made in USA,1
Gees Bees Honey Company,500g,2
Gefen,454g,12
Gefen,737g,11
Gefen,340g,11
Gefen,170g,7
Gefen,71g,6
Gefen,85g,5
Gefen,425g,5
Gefen,708g,4
Gefen,312g,4
Gefen,283g,4
Gefen,1l,4
Gefen,147g,4
Gefen,946ml,3
Gefen,66g,3
Gefen,59ml,3
Gefen,148g,3
Gefen,RAMEN NDLS CHIC FLV,2
Gefen,709g,2
Gefen,65g,2
Gefen,54g,2
Gefen,498g,2
Gefen,360g,2
Gefen,329g,2
Gefen,31g,2
Gefen,284g,2
Gefen,255g,2
Gefen,227g,2
Gefen,180g,2
Gefen,142g,2
Gefen,113g,2
Gefen,they provide a satisfyingly crunchy and wholesome snack option. Each 142g pack is filled with d,1
Gefen,"Vodka Marinara Sauce 26 oz.
and chicken dishes.
Smooth and flavorful authentic marinara sauce.
Go Italian with Gefens delicious vodka sauce.
All Natural.
Gluten Free.
",1
,,
Gefen,"Tomato Basil Marinara Sauce 26oz.
and chicken dishes.
Smooth and flavorful authentic marinara sauce.
All Natural.
Gluten Free.
",1
,,
Gefen,"The perfect hot meal when you need it instantly!
No MSG Added
Super Kid Friendly
Great for travel
Parve",1
,,
Gefen,SAUCE CRANBERRY WHOl,1
Gefen,RAMEN NDLS VEG FLV,1
Gefen,"No Salt Added - Classic Marinara Sauce 26 oz.
and chicken dishes.
Smooth and flavorful authentic marinara sauce.
All Natural.
Gluten Free.
",1
,,
Gefen,"Low Sodium Instant Chicken Noodle Soup No MSG 1.92oz.
Treat yourself to a hearty chicken-flavored soup in minutes.
Just add hot water.
Fat Free.
No MSG added.
",1
,,
Gefen,L-Mayonnaise Lite KFP,1
Gefen,L - Mayonnaise KFP,1
Gefen,"Instant Vegetable Noodle Soup No MSG 2.30 oz.
Treat yourself to a hearty vegetable-flavored soup in minutes.
Just add hot water.
No MSG added.
Super Kid Friendly
Great for travel
",1
,,
Gefen,Gefen Cup & Noodle SoupTomato 12x2.3Oz,1
Gefen,Fat Free Marinara Pasta Sauce,1
Gefen,"Fat Free Instant Vegetable Noodle Soup No MSG 1.92 oz.
Treat yourself to a hearty vegetable-flavored soup in minutes.
Just add hot water.
No MSG added.
Fat Free
",1
,,
Gefen,"Fat Free Instant Chicken Noodle Soup No MSG 1.92oz.
Treat yourself to a hearty chicken-flavored soup in minutes.
Just add hot water.
No MSG added.
",1
,,
Gefen,"Fat Free Classic Marinara Sauce 26oz.
and chicken dishes.
Smooth and flavorful authentic marinara sauce.
All Natural.
Gluten Free.
",1
,,
Gefen,Crushed Ginger,1
Gefen,CUBES CHPD CILANTRO,1
Gefen,90g,1
Gefen,80g,1
Gefen,79g,1
Gefen,794g,1
Gefen,792g,1
Gefen,70g,1
Gefen,6x113.0g,1
Gefen,680g,1
Gefen,678ml,1
Gefen,652g,1
Gefen,596g,1
Gefen,595g,1
Gefen,567g,1
Gefen,500g,1
Gefen,453g,1
Gefen,411g,1
Gefen,400g,1
Gefen,240g,1
Gefen,226g,1
Gefen,1un,1
Gefen,198g,1
Gefen,150g,1
Gefen,128g,1
Gefen,100g,1
Gefen,1.3kg,1
Gefen,1,1
Gefen,"No Preservatives
Ready To Eat Right Out Of The Bag!
Snacking & For all Your Recipes
",1
,,
Gelda,9x44.44g,3
Gelda,4.54kg,3
Gelda,400g,2
Gelda,1l,1
Gen V,2ea,1
Gen V,200g,1
Gen V,2 pack,1
General Assembly Pizza,345g,1
General Assembly Pizza,326g,1
General Mills,340g,20
General Mills,300g,18
General Mills,420g,9
General Mills,368g,9
General Mills,516g,8
General Mills,354g,8
General Mills,306g,8
General Mills,342g,7
General Mills,297g,7
General Mills,570g,6
General Mills,331g,6
General Mills,303g,6
General Mills,295g,6
General Mills,168g,6
General Mills,423g,5
General Mills,350g,5
General Mills,317g,5
General Mills,270g,5
General Mills,263g,5
General Mills,628g,4
General Mills,587g,4
General Mills,585g,4
General Mills,437g,4
General Mills,430g,4
General Mills,345g,4
General Mills,326g,4
General Mills,289g,4
General Mills,825g,3
General Mills,725g,3
General Mills,601g,3
General Mills,600g,3
General Mills,591g,3
General Mills,526g,3
General Mills,481g,3
General Mills,475g,3
General Mills,411g,3
General Mills,399g,3
General Mills,360g,3
General Mills,349g,3
General Mills,120g,3
General Mills,900g,2
General Mills,830g,2
General Mills,778g,2
General Mills,619g,2
General Mills,515g,2
General Mills,5 Each,2
General Mills,384g,2
General Mills,380g,2
General Mills,337g,2
General Mills,311.84g,2
General Mills,309g,2
General Mills,292g,2
General Mills,175g,2
General Mills,1300g,2
General Mills,1150g,2
General Mills,1010g,2
General Mills,1000g,2
General Mills,Triple Berry570g,1
General Mills,Reese Puffs Peanut Butter & Cocoa Family Pack385g,1
General Mills,Oats & Chocolate5 Each,1
General Mills,Maple Nut Flavour619g,1
General Mills,Loaded368g,1
General Mills,Jumbo1kg,1
General Mills,Jumbo1.3kg,1
General Mills,Jumbo Size825g,1
General Mills,Jumbo Size1.15kg,1
General Mills,Jumbo Size1.01kg,1
General Mills,Family Size725g,1
General Mills,Family Size591g,1
General Mills,Family Size570g,1
General Mills,Family Size526g,1
General Mills,Chocolate Fudge5 Each,1
General Mills,CheddarSnack Size56g,1
General Mills,Apple CinnamonFamily Size778g,1
General Mills,884g,1
General Mills,8 Each,1
General Mills,5 bars,1
General Mills,348g,1
General Mills,272g,1
General Mills,110g,1
General Mills,1.3kg,1
General Mills,",368 g.138g",1
General Mills Frankenberry,270g,1
General Nature,397g,1
Generic,S Size 12 Holes Arc Shaped Plastic Chocolate Candy Lollipop Stand Display Holder,1
Generic,Kitchen Non - Nail Wall - Mounted Seasoning Box Non - T-race Paste Seasoning Box,1
Generic,Christmas Decorations 3PCS Artificial Hanging Plants For Wall Indoor Outdoor Decoration (No Baskets) Christmas Gifts,1
Generic,Christmas Cupcake Cups 50Pcs Cake Packaging Food Grade Unique Snowmen Elk Tree Cupcake Cups,1
Generic,Bread-Banneton-Proofing-Rising-Basket Rattan Brotform Bread Dough Set for Home Sourdough Bread,1
Generic,Boba Cup With Straw Smoothie Drinks Gradient Multicolor 23.5oz Double Layer With Cleaning Brush,1
Generic,50Pcs Dessert Cups with Spoons 60ml Plastic Parfait Appetizer Cup for Dessert Pudding Mousse Chocolate Custard Tasting Party Home Hotel Banquet,1
Generic,50/100pcs Christmas Cookie Hot Seal Bags For Nougat Candy Biscuit Packaging,1
Generic,2 Pack Large Inflatable Cooler Floating Drink Cooler for Parties 2in1 Pool Drink Floatie and Party Supplies Summer Party Decorations Drink Floats for Swimming Pool (Pack of 2),1
Generic,1/2/3PCS Stainless Steel Turkey Seasoning Needle Spice Syringe BBQ Meat Flavor Injector Cooking Tools Sauce Marinade Syringe,1
Geneve Swiss Chocolate,100g,5
Genki Forest,480ml,3
Genuine Health,60ea,11
Genuine Health,30ea,6
Genuine Health,55g,4
Genuine Health,120ea,4
Genuine Health,444g,2
Genuine Health,213g,2
Genuine Health,184g,2
Genuine Health,100g,2
Genuine Health,566g,1
Genuine Health,517g,1
Genuine Health,510g,1
Genuine Health,500g,1
Genuine Health,459g,1
Genuine Health,445g,1
Genuine Health,440g,1
Genuine Health,408g,1
Genuine Health,400g,1
Genuine Health,399g,1
Genuine Health,360ea,1
Genuine Health,280g,1
Genuine Health,273g,1
Genuine Health,255g,1
Genuine Health,240ea,1
Genuine Health,229g,1
Genuine Health,228g,1
Genuine Health,210g,1
Genuine Health,20ea,1
Genuine Health,204g,1
Genuine Health,172g,1
Genuine Health,160g,1
Genuine Health,140g,1
Genuine Tea,1ea,2
Geoland,8kg,2
Georgian Bay,12x355.0ml,1
Geparco,454g,1
Gerolsteiner,750ml,3
Gerolsteiner,750 Millilitre,1
Gesher,285g,7
Gesher,35g,6
Gesher,165g,3
Gestion Touche,23.67g,2
Gevina,150g,9
Gevina,907g,2
Gevina,142g,1
Ghirardelli,151g,5
Ghirardelli,138g,5
Ghirardelli,142g,2
Ghirardelli,White Chocolate Caramel,1
Ghirardelli,Sea Salt Bag 151g,1
Ghirardelli,Dark Chocolate Mint Squares,1
Ghirardelli,Chocolate Caramel Squares,1
Ghirardelli,244g,1
Ghirardelli,153g,1
Ghostea,490g,1
Gia,400g,3
Gia,907g,2
Gia,8 Pound,2
Gia,Mild900g,1
Gia,6kg,1
Gia,360g,1
Gia,340g,1
Gia,300g,1
Gia,3.64kg,1
Gia,250g,1
Gia Gold,WHT BSMT RICE,1
Gia Natural,2kg,1
Gia Naturals,4 Pound,1
Gibiers Canabec,300g,4
Gibiers Canabec,525g,1
Gibiers Canabec,430g,1
Gibiers Canabec,300ml,1
Gibiers Canabec,200g,1
Gigi,580ml,9
Gigi,1l,9
Gigi,250g,3
Gigi,500g,2
Gigi,314ml,2
Gigi,24un,2
Gigi,750ml,1
Gigi,20un,1
Gilly,900g,3
GimMe,10g,2
GimMe,9g,1
GimMe,6x5g,1
Gimme Organic,6x5.0g,2
Gimme Organic,5g,2
Gimme Organic,6x27.0g,1
Gina,240ml,9
Gina,250ml,2
Gina,1l,1
Ginger,Crystalized100g,2
Ginger,156g,2
Ginger,100g,2
Ginger,198g,1
Ginger,110g,1
Ginger Goat,148ml,1
Ginger Root,Fresh Mesh Bag113g,1
Ginger Root,1 Pound,1
Gioia,200g,5
Gioia,750g,4
Gioia,400g,3
Gioia,250g,3
Gioia,270g,2
Gioia,800g,1
Gioia,6x100.0ml,1
Gioia,500g,1
Gioia,400 grams,1
Gioia,350g,1
Gioia,150g,1
Giovanni Rana,454g,5
Giovanni Rana,300g,2
Giovanni Rana,540g,1
Gits,200g,15
Gits,300g,5
Gits,100g,5
Gits,285g,3
Gits,180g,2
Gits,flavorful meal anytime.,1
Gits,Ready to Cook Sweet dry mix.,1
Gits,Makes 7 servings.,1
Gits,265g,1
Gits,120g,1
Giunmcul,Giunmcul Woven Dried FruitSnack StorageBasket Tax Free Weekend,1
Giunmcul,Giunmcul Woven Dried FruitSnack StorageBasket Holiday Deals,1
Giunmcul,Giunmcul Rose Flower Ice Cocktail Mix Ice Rose Flower 4 with Ice Tray Clearance Sales,1
Giunmcul,Giunmcul Rose Flower Ice Cocktail Mix Ice Rose Flower 4 with Ice Tray 50% Off Clear,1
Giunmcul,Giunmcul Key Box Pencil for Desk Cosmetics Brush Makeup Tools Organizer Leather Pencil Cup Key Rack Desktop Purse Storage Organizer Up to 65% Off,1
Giunmcul,Giunmcul Key Box Pencil for Desk Cosmetics Brush Makeup Tools Organizer Leather Pencil Cup Key Rack Desktop Purse Storage Organizer Online Shopping,1
Giunmcul,Giunmcul Household Round Fruit Snacks Sugar Biscuits Striped Fruit Melon Fruit Tax Free Weekend,1
Giunmcul,Giunmcul Family Party Fondue Reserve Dish Serving Dish Barbecue Picnic Dish Fruit Tray Clearance Sales,1
Giunmcul,Giunmcul Electric Lint Remover for Clothes Furniture Sofa Blanket Bedding Lint Shaver Sweater Shaver Defuzzer Depiller with 3 Speed 6 Leaf Blades Festival Gift,1
Giunmcul,Giunmcul Electric Lint Remover for Clothes Furniture Sofa Blanket Bedding Lint Shaver Sweater Shaver Defuzzer Depiller with 3 Speed 6 Leaf Blades 50% Off Clear,1
Giunmcul,Giunmcul Easter Lovely Rabbit Tea Bag Hanging Fixed Tea Bag Fixed Tea Bag Tea Cup Wall Decoration Rabbit Differentiator Clearance Sales,1
Giunmcul,Giunmcul Bicycle Taillight Type-C Charging Red Blue Outdoor Night Headlight Pen Clip Running Light Festival Gift,1
Giunmcul,Giunmcul Bicycle Taillight Type-C Charging Red Blue Outdoor Night Headlight Pen Clip Running Light Deals,1
Giunmcul,Bagels and More Holiday Savings,1
Givat,142g,6
Givat,Blended Nonfat Yogurt,2
Givat,453g,2
Givat,113g,2
Givat,Yummy Kids,1
Givat,YOGOLITE,1
Givat,Whipped Plain cream cheese,1
Givat,Kids,1
Givat,Givat Yummy Kids Vanilla,1
Givat,Givat Yummy Kids Strawberry,1
Givat,Givat Whipped Plain cream cheese,1
Givat,Givat Strawberry,1
Givat,227g,1
Givat,141g,1
Give & Go,354g,1
Give and Go,608g,1
Glaceau,591ml,19
Glaceau,591 Millilitre,9
Glaceau,1l,4
Glaceau,1 Litre,3
Glaceau,6x1.0l,2
Glaceau,700 Millilitre,1
Glaceau,6 Each,1
Glaceau,1.5l,1
Glaceau,1.5 Litre,1
Glaceau Smartwater,591ml,2
Glaceau Smartwater,700ml,1
Glaceau Smartwater,1l,1
Glaceau Smartwater,1LT 6PK,1
Glaceau Smartwater,1LT,1
Glaceau Smartwater,1.5l,1
Glaceau Smartwater,1 L x 6,1
Glac¨¦au,6x1l,2
Glac¨¦au,1l,2
Glac¨¦au,700ml,1
Glac¨¦au,591ml,1
Glac¨¦au,1.5l,1
Glac¨¦au Vitaminwater,591ml,12
Gldn Hour,355ml,4
Glen Roy,500g,3
Glen Roy,1kg,2
Glen Roy,475ml,1
Glicks,340g,2
Glicks,Glicks Coins Chocolate Milk Singles 15g,1
Glicks,Glicks Coins Chocolate Milk 24pk 360g,1
Glicks,Conettos White Chocolate,1
Glicks,Conettos Milk Chocolate,1
Glicks,Conettos Dark Chocolate,1
Glicks,Coins Chocolate Milk Singles,1
Glicks,Coins Chocolate Milk 24pk,1
Glicks,907g,1
Glicks,283g,1
Glicks,170g,1
Glicks,148ml,1
Glicks,142g,1
Glicks,1360g,1
Glico,70g,8
Glico,40g,7
Glico,33g,4
Glico,220g,4
Glico,144g,3
Glico,Strawberry33g,2
Glico,51g,2
Glico,41g,2
Glico,156g,2
Glico,70 g / pack,1
Glico,32g,1
Glico,198g,1
Glico,156G,1
Glico,135g,1
Glico,134g,1
Glico,123g,1
Glico,120g,1
Glico,118g,1
Glico,110g,1
Glidini,100g,2
Global,1.81kg,1
Glod Plum,554ml,2
Gloria,750ml,3
Gloria,30g,2
Gloria,1.5l,2
Gloria,500ml,1
Gloria,20g,1
Gloria,200g,1
Gloria,1l,1
Glossette,105g,1
Glucerna,6x237ml,2
Gluten Free Pantry,297g,2
Glutino,300g,5
Glutino,156g,4
Glutino,130g,4
Glutino,400g,3
Glutino,200g,3
Glutino,125g,2
Glutino,245g,1
Gnubees,190ml,3
Go Bio,66g,8
Go Bio,54g,6
Go Bio,60g,2
Go Bio,Organic Mixed Fruit Gummi Bears - 75G,1
Go Bio,75g,1
Go Bio,66G,1
Go Bio,100g,1
Go Go Quinoa,375g,2
Go Go Quinoa,WHT SHELLS VEGAN CH,1
Go Go Quinoa,E-UNFI WHT SHELLS VEGAN CH,1
Go Go Quinoa,E-UNFI MAC & VEGAN CHEESE,1
Go Macro,65g,7
Go Macro,69g,2
Go Pure,5 Bars / 140g,3
Go Pure,5 / 175g,2
Go Pure,5 bars / 175g,1
GoBio!,75g,4
GoBio!,66g,2
GoGo Quinoa,227g,12
GoGo Quinoa,170g,6
GoGo Quinoa,375g,4
GoGo Quinoa,168g,2
GoGo Quinoa,165g,2
GoGo Quinoa,350g,1
GoGo Quinoa,113g,1
GoGo squeeZ,1.08kg,2
GoGo squeeZ,4 x 90g pouches (360g),1
GoGo squeeZ?,4 x 90g pouches (360g),6
GoGo squeeZ?,1.8kg,4
GoGo squeeZ?,360g,2
GoGo squeeZ?,12x90gr pouches (1.08kg),2
GoGo squeeZ?,1.08kg,2
GoGo squeeZ?,22x90gr pouches (1.98kg),1
GoGo squeeZ?,12 x 90g pouches (1.08kg),1
GoGo squeez,90g,8
GoGo squeez,4x90.0g,6
GoGo squeez,360g,6
GoGo squeez,12x90.0g,3
GoGo squeez,1.08kg,3
GoLightly,78g,1
GoMacro,65g,2
Goccia,100ml,2
Goccia,250ml,1
Godiva,85g,3
Godiva,2x85g,3
Godiva,630g,1
Godiva,425g,1
Godiva,113g,1
Gogo Quinoa,227g,2
Gogo Quinoa,500g,1
Gogo Squeez,4x90?g,7
Gogo Squeez,12x90g,7
Gogo Squeez,Apple Banana No Sugar Added4 Each,3
Gogo Squeez,360g,3
Gogo Squeez,Apple Apple & Apple Banana12 Each,2
Gogo Squeez,20x90g,2
Gogo Squeez,No Sugar Added Apple Blueberry4 Each,1
Gogo Squeez,Honey Dijon198g,1
Gogo Squeez,AppleApple StrawberryApple Peach & Apple Banana20 Each,1
Gogo Squeez,AppleApple Raspberry Lemon Twist & Apple Mango12 Each,1
Gogo Squeez,Apple Strawberry4 Each,1
Gogo Squeez,Apple Peach4 Each,1
Gogo Squeez,Apple Mango4 Each,1
Gogo Squeez,Apple & Apple Strawberry12 Each,1
Gogo Squeez,4x90g,1
Gogo Squeez,22x90g,1
Gogo Squeez,21g,1
Gogo Squeez,198g,1
Gogo Squeez,1.08kg,1
Gold Coin,250g,1
Gold Coin,100g,1
Gold Egg,12un,6
Gold Egg,500 Millilitre,2
Gold Egg,6un,1
Gold Egg,6 Each,1
Gold Egg,18un,1
Gold Egg,12 Each,1
Gold Kili,250g,6
Gold Kili,30x18.0g,3
Gold Kili,10x18.0g,2
Gold Kili,160g,1
Gold Label,175g,6
Gold Label,225g,3
Gold Label,800g,2
Gold Label,600g,2
Gold Label,400g,2
Gold Label,1.1kg,2
Gold Label,375g,1
Gold Label,300g,1
Gold Label,250g,1
Gold Label,1kg,1
Gold Mine,Net weight 56g,1
Gold Peak,2.63l,4
Gold Peak,547ml,2
Gold Peak,1.75l,2
Gold Peak,Gold Peak lemon iced tea 2.63l,1
Gold Peak,Gold Peak Raspberry Iced Tea?2.63l,1
Gold Peak,Gold Peak Lemon Tea 2.63L Jug,1
Gold Rush,454g,1
Gold Seal,213g,9
Gold Seal,115g,7
Gold Seal,80g,3
Gold Seal,125g,3
Gold Seal,120g,3
Gold Seal,284 Millilitre,2
Gold Seal,160g,2
Gold Seal,No Salt Added213g,1
Gold Seal,GS Salmon Bowl Mediterranean,1
Gold Seal,GS Salmon Bowl Fried Rice,1
Gold Seal,GS Salmon Bowl Fiesta,1
Gold Seal,GS Creamy Mustard Salmon,1
Gold Seal,GS Creamy Chive Salmon,1
Gold Seal,85g,1
Gold Seal,70g,1
Gold Seal,400g,1
Gold Seal,350g,1
Gold Seal,24 Each,1
Gold Seal,170g,1
Gold Seal,115g Skls/Bnls Mackerel-Lemon,1
Gold Seal,110g,1
GoldEgg,12 per pack,7
GoldEgg,12 Count,3
GoldEgg,500g,2
GoldEgg,18 per pack,2
GoldEgg,18 Count,2
GoldEgg,12un,2
GoldEgg,GoldEgg Premium Large White Eggs,1
GoldEgg,GoldEgg Large White Eggs,1
GoldEgg,GoldEgg Jumbo White Eggs,1
GoldEgg,GoldEgg Grain Fed Large Eggs,1
GoldEgg,GoldEgg Free Run Omega-3 Large Eggs,1
GoldEgg,6 per pack,1
GoldSeal,213g,4
GoldSeal,160g,3
GoldSeal,125g,3
GoldSeal,115g,3
GoldSeal,80g,2
GoldSeal,120g,1
Goldegg,12ea,2
Goldegg,12 eggs,2
Goldegg,18ea,1
Goldegg,18 eggs,1
Golden,368g,12
Golden,454g,8
Golden,300g,8
Golden,301g,3
Golden,340g,2
Golden,1.89l,2
Golden,369g,1
Golden Angel,740 Millilitre,1
Golden Bakeshop,660g,4
Golden Bakeshop,600g,1
Golden Bakeshop,430g,1
Golden Bakeshop,400g,1
Golden Bonbon,120g,3
Golden Brand,620g,1
Golden Dragon,455ml,3
Golden Dragon,455 Millilitre,3
Golden Flow,1.89l,2
Golden Flow,Cider,1
Golden Flow,1.75l,1
Golden Fluff,113g,6
Golden Fluff,25g,5
Golden Fluff,14g,5
Golden Fluff,283g,4
Golden Fluff,28g,3
Golden Fluff,170g,3
Golden Fluff,84g,2
Golden Fluff,Stix Potato BBQ 5pk KFP,1
Golden Fluff,Small Springz Original,1
Golden Fluff,Small Springz BBQ,1
Golden Fluff,S - Springz Original,1
Golden Fluff,Golden Fluff Stix Potato BBQ 5pk KFP 5x24g,1
Golden Fluff,340g,1
Golden Fluff,336g,1
Golden Fluff,255g,1
Golden Fluff,198g,1
Golden Fluff,18g,1
Golden Fluff,156g,1
Golden Fluff,142g,1
Golden Fluff,124g,1
Golden Fry,142g,1
Golden Gate,907g,2
Golden Gate,2.72kg,2
Golden Grahams,331g,1
Golden Happiness,1 bun - 100g,9
Golden Happiness,255g,1
Golden Harvest,Case of 12,1
Golden Home Bakery,5 Each,1
Golden Home Bakery,126g,1
Golden Home Bakery,",3 Each",1
Golden Island,80g,4
Golden Island,Korean Barbecue Recipe80g,1
Golden Island,Korean BBQ Recipe80g,1
Golden Island,GOLDEN ISLAND PORK KOREAN BBQ SNACK BITES 80G,1
Golden Island,GOLDEN ISLAND PORK KOREAN BBQ RECIPE JERKY 80G,1
"Golden Maple Extra Lean Ground Turkey, Raw",Raw,1
Golden Maple Extra Lean Raw Ground Chicken,GM XL Raw Ground Chicken,1
Golden Nest,113.4g,4
Golden Panda,8kg,2
Golden Panda,400g,1
Golden Panda,1.8kg,1
Golden Phoenix Products,5 lbs,1
Golden Saba,454g,2
Golden Temple,9kg,8
Golden Temple,9.07kg,5
Golden Valley,12 Each,3
Golden Valley,30 Each,1
Golden Valley Natural,Golden Valley Medium White Eggs,1
Golden Valley Natural,Golden Valley Jumbo White Eggs,1
Golden Valley Natural,284g,1
Goldenfry,300g,2
Goldenfry,Goldenfry Beef Gravy 300g,1
Goldfish,180g,9
Goldfish,750g,3
Goldfish,200g,3
Goldfish,167g,2
Goldfish,Goldfish Crisps Salt & Vinegar,1
Goldfish,GF Crisps Cheddar,1
Goldfish,6 Packs,1
Goldfish,6 * 26g,1
Goldfish,28g,1
Goldfish,227g,1
Goldfish,22 * 28g,1
Goldfish,180 g x 1,1
Goldfish,177g,1
Goldies,110g,1
Goldilocks,300g,2
Goldilocks,GOLDILOCKS HALF ROLL CHOCO,1
Goldilocks,580g (4pc),1
Goldilocks,454g,1
Goldilocks,(12x25g),1
Golds,1.13kg,4
Golds,946ml,2
Golds,482g,2
Golds,710ml,1
Goli Nutrition,240g,1
Good Day Biscuits,Indian cookies,3
Good Day Biscuits,Cashew cookies,1
Good Day Biscuits,Butter flavoured cookies,1
Good Day Biscuits,Britannia Marie Gold Family Pack,1
Good Day Biscuits,Britannia Good Day Butter,1
Good Day Biscuits,Almond cookies,1
Good Day Sandwich Co.,261g,1
Good Day Sandwich Co.,258g,1
Good Day Sandwich Co.,210g,1
Good Day Sandwich Co.,198g,1
Good Day Sandwich Co.,192g,1
Good Day Sandwich Co.,190g,1
Good Day Sandwich Co.,180g,1
Good Drink,478ml,2
Good Eats,454g,3
Good Eats,600g,1
Good Eats,500g,1
Good Food for Good,250ml,8
Good Food for Good,450ml,4
Good For You Desserts,60g,2
Good Good,330g,3
Good Good,350g,1
Good Good,1ea,1
Good Host,715g,1
Good Host,2.35kg,1
Good Leaf,1 Each,1
Good Man,78g,1
Good Thins,100g,6
Good To Go,40g,4
Good To Go,Almond Flour Bar GF Vegan,2
Good To Go,Almond Flour GF Vegan,1
Good To Go,Almond Flour Brownies GF Vegan,1
Good To Go,Almond Flour Blondie GF Vegan,1
Good To Go,9x40g,1
Good to Go,40g,20
Good to Go,240g,2
Good to Go,9x40g,1
Good-For-You,575g,3
GoodLeaf,50g,9
GoodLeaf,0.113kg,5
GoodLeaf Farms,50g,4
GoodLeaf Farms,113g,3
Goodbelly,4x80.0ml,2
Goodman's,78g,3
Goodman's,113g,2
Goodman's,Goodman's Noodleman Soup Mix,1
Gordon Ramsay,GR Shephard Pie,1
Gordon Ramsay,GR Lm Cpr Chkn,1
Gordon Ramsay,GR Lasagna,1
Gordon Ramsay,GR Chkn Pot Pie,1
Gordon Ramsay,GR 4 Chse Mac,1
Goriertaly,Goriertaly 100pcs Bag Teabags with String Empty Scented Seal Pouch Paper Herb Leaf Infuser Fabric Pocket Disposable Multi-function As Shown 1Set,1
Goriertaly,100 Pieces Canvas Drawstring Bags Filter Solid ColorCanvas Drawstring Bags Color Fine Mesh Reliable Fast Drying Spice Bag for Hold Crafts Tea Leaf 7*9cm,1
Gorilla Munch,650g,1
Gourmet & Go,100 g total,2
Gourmet & Go,338g,1
Gourmet & Go,330g,1
Gourmet & Go,323g,1
Gourmet & Go,318g,1
Gourmet & Go,305g,1
Gourmet Baker,600g,1
Gourmet Garden,80g,16
Gourmet Garden,10g,4
Gourmet Garden,220g,2
Gourmet Garden,12g,2
Gourmeta,340g,1
Gourmeta,300g,1
Governor's Choice,540ml,3
Governor's Choice,397g,1
Goya,822g,3
Goya,227g,3
Goya,100g,3
Goya,85g,2
Goya,40g,2
Goya,284ml,2
Goya,596g,1
Goya,228g,1
Goya,198g,1
Goya Foods,198g,1
Grab 'N Snack,45g,4
Grab 'N Snack,48g,3
Grab 'N Snack,Cashew and Cheddar Snack Kit48g,1
Grab 'N Snack,Almond and Cheddar45g,1
Grab 'n Snack,48g,1
Grace,355ml,22
Grace,500ml,15
Grace,540ml,14
Grace,473ml,12
Grace,155g,10
Grace,85g,9
Grace,400ml,8
Grace,310ml,7
Grace,270g,7
Grace,1l,7
Grace,142ml,7
Grace,85ml,6
Grace,350ml,6
Grace,340g,6
Grace,175g,6
Grace,500g,5
Grace,2kg,5
Grace,284g,5
Grace,130g,5
Grace,8kg,4
Grace,75g,4
Grace,50g,4
Grace,425g,4
Grace,35g,4
Grace,300g,4
Grace,750ml,3
Grace,480ml,3
Grace,43g,3
Grace,425ml,3
Grace,341ml,3
Grace,297ml,3
Grace,240ml,3
Grace,170ml,3
Grace,141g,3
Grace,425 Grams,2
Grace,300ml,2
Grace,284 Grams,2
Grace,1kg,2
Grace,155 Grams,2
Grace,Grace Sweet Plantation Chips,1
Grace,Grace Plantain Chips Sweet Chili Flavoured,1
Grace,Grace Peanut Punch 240ml,1
Grace,Grace Coconut Water No Sugar 310ml,1
Grace,Grace Chicken Flavoured Bouillon,1
Grace,Grace Caribbean Combos Rice and Red Kidney Beans 175g,1
Grace,Grace Beef Flavoured Bouillon,1
Grace,60g,1
Grace,60 Grams,1
Grace,510g,1
Grace,500 Grams,1
Grace,50 Grams,1
Grace,4801ml,1
Grace,45g,1
Grace,45 Grams,1
Grace,43 Grams,1
Grace,4.5 oz,1
Grace,380g,1
Grace,340 Grams,1
Grace,312g,1
Grace,285ml,1
Grace,200g,1
Grace,167ml,1
Grace,165ml,1
Grace,135g,1
Grace,126g,1
Grace Kennedy,85g,1
Grace Kennedy,500g,1
Grace Kennedy,340g,1
Grace Kennedy,2kg,1
Grace Kennedy,200g,1
Grace Kennedy,18 Pieces,1
Grace Kennedy,175g,1
Grace Kennedy,170g,1
Grace Kennedy,141g,1
Grain Zero,454g,1
Grain Zero,400g,1
Grain Zero,350g,1
Gramma Bee's,750g,1
Gran Ducale,750g,3
Gran Ducale,Gran Ducale Tiramisu Cream & Chocolate Chip Panettone,1
Gran Ducale,Gran Ducale Italia Colomba Classica Cake,1
Gran Ducale,Gran Ducale Giftwrapped Panettone Classico,1
Gran Ducale,Gran Ducale Agnello w. Custard Cream Colomba Easter Cake in Box 750g,1
Gran Ducale,Gran Ducale Agnello w. Chocolate Cream Colomba Easter Cake in Box 750g,1
Gran Ducale,Easter Cake Custard 750g,1
Gran Ducale,Easter Cake Chocolate 750g,1
Gran Ducale,700g,1
Granarolo,200g,2
Grand,500g,1
Grand Pre,1l,2
Grand Pre,Grand Pre UHT Milk Barista,1
Grand Pre,3x200.0ml,1
Grand Pr¨¦,1l,3
Grand Pr¨¦,3x200ml,2
Grand-Maman Marie,200g,1
Grand-Maman Marie,100g,1
Grande Cheese,grated parmesan cheese 500gr,1
Grandma,675g,1
Grandma,300g,1
Grandmother's Bake Shoppe,765g,3
Grandmother's Bake Shoppe,Grandmother's Bake Shoppe Plain Butter Tarts,1
Grandville Island Bakery,6 Each,1
Granforno,100g,1
Granny's,5.00 - 7.00kg,2
Granola,Bulk100g,1
Granoro,450g,9
Granoro,500g,3
Gratitude Seafood,150g,2
Graves,Peaches and Cream Whole Kernel Corn Graves,1
Graves,1.36l,1
Gray Ridge,12ea,4
Gray Ridge,12 eggs,4
Gray Ridge,18un,3
Gray Ridge,18 Count,3
Gray Ridge,12un,3
Gray Ridge,12 Count,3
Gray Ridge,18ea,2
Gray Ridge,18 eggs,2
Gray Ridge,Gray Ridge Super 747 Jumbo Eggs,1
Gray Ridge,6un,1
Gray Ridge,30 Count,1
Gray Ridge Egg Farms,12 per pack,6
Gray Ridge Egg Farms,18 per pack,3
Gray Ridge Egg Farms,30 per pack,2
Gray Ridge Egg Farms,6 per pack,1
Grazy,500ml,3
Great Canadian Meat,225g,3
Great Lakes,175g,3
Great Lakes,473ml,2
Great Lakes,284g,1
Great Lakes,227g,1
Great Lakes Goat Dairy,175g,2
Great Lakes Goat Dairy,158g,1
Great Taste,300g,1
Great Value,200g,53
Great Value,500g,44
Great Value,300g,44
Great Value,900g,34
Great Value,400g,34
Great Value,100g,33
Great Value,600g,32
Great Value,450g,30
Great Value,1l,29
Great Value,540ml,24
Great Value,750g,23
Great Value,1kg,23
Great Value,375g,21
Great Value,350ml,19
Great Value,320g,19
Great Value,454g,16
Great Value,180g,16
Great Value,907g,15
Great Value,500ml,15
Great Value,340g,15
Great Value,2kg,15
Great Value,250g,15
Great Value,398ml,13
Great Value,75g,12
Great Value,700g,12
Great Value,850g,11
Great Value,1.89l,11
Great Value,794g,10
Great Value,227g,10
Great Value,125g,10
Great Value,800g,9
Great Value,796ml,9
Great Value,400ml,9
Great Value,375ml,9
Great Value,300ml,9
Great Value,175g,9
Great Value,150g,9
Great Value,750ml,8
Great Value,560g,8
Great Value,350g,8
Great Value,250ml,8
Great Value,215g,8
Great Value,142g,8
Great Value,80g,7
Great Value,280g,7
Great Value,170g,7
Great Value,675g,6
Great Value,475ml,6
Great Value,283ml,6
Great Value,1.13kg,6
Great Value,946ml,5
Great Value,908g,5
Great Value,85g,5
Great Value,680ml,5
Great Value,6 x 113g,5
Great Value,50g,5
Great Value,354ml,5
Great Value,325ml,5
Great Value,2l,5
Great Value,270g,5
Great Value,210g,5
Great Value,2.5kg,5
Great Value,12 Count,5
Great Value,904g,4
Great Value,8x200ml,4
Great Value,890ml,4
Great Value,700ml,4
Great Value,680g,4
Great Value,56g,4
Great Value,4 x 112ml,4
Great Value,310g,4
Great Value,284ml,4
Great Value,176g,4
Great Value,1.75l,4
Great Value,1.75kg,4
Great Value,1.5kg,4
Great Value,8 packets,3
Great Value,70g,3
Great Value,645ml,3
Great Value,640g,3
Great Value,570g,3
Great Value,540g,3
Great Value,480ml (6 x 80ml),3
Great Value,48 count,3
Great Value,425g,3
Great Value,410 G,3
Great Value,4 x 80ml,3
Great Value,35g,3
Great Value,352ml (4 x 88ml),3
Great Value,230g,3
Great Value,2 Pouches,3
Great Value,185g,3
Great Value,155g,3
Great Value,148g,3
Great Value,12 x 100ml,3
Great Value,10x200ml,3
Great Value,1.7kg,3
Great Value,1.75 Kg,3
Great Value,1.2kg,3
Great Value,sucralose,2
Great Value,Value Size 230g,2
Great Value,Strawberry Watermelon,2
Great Value,Orange Tangerine,2
Great Value,GV MD EGGWHT ENG MFN,2
Great Value,GV BC EGG&CH ENG MFN,2
Great Value,GOI F&B - Item Short Description,2
Great Value,994g,2
Great Value,90g,2
Great Value,87g,2
Great Value,825g,2
Great Value,8 Pizzas,2
Great Value,7 Packets,2
Great Value,"678g
6 x 113g",2
,,
Great Value,650g,2
Great Value,60g,2
Great Value,6 x 93ml,2
Great Value,5l,2
Great Value,550g,2
Great Value,500 g (1.1 lb),2
Great Value,5 pitas,2
Great Value,4l,2
Great Value,492 g (6 bags x 82 g),2
Great Value,45g,2
Great Value,456 g (6 bags x 76 g),2
Great Value,453g,2
Great Value,450ml,2
Great Value,44 slices (825 g),2
Great Value,427g,2
Great Value,425ml,2
Great Value,410ml,2
Great Value,400 g total,2
Great Value,4 x 90g,2
Great Value,4 x 123g,2
Great Value,386 g (336 g spring rolls + 50 g sauce),2
Great Value,360g,2
Great Value,341ml,2
Great Value,32g,2
Great Value,325g,2
Great Value,3.17kg,2
Great Value,285g,2
Great Value,240g,2
Great Value,225g,2
Great Value,22 slices,2
Great Value,213ml,2
Great Value,213g,2
Great Value,199g,2
Great Value,192g,2
Great Value,187g,2
Great Value,16 pack (336 g),2
Great Value,15g,2
Great Value,150 g (6 x 25 g),2
Great Value,120 g drained,2
Great Value,12 Slices,2
Great Value,11 slices,2
Great Value,11 Slices,2
Great Value,1.81kg,2
Great Value,1.5l,2
Great Value,1.36l,2
Great Value,1.28 kg (min 85 pieces),2
Great Value,seasoned,1
Great Value,error,1
Great Value,enriched 2.5kg,1
Great Value,cyclamate,1
Great Value,Vegetable Oil,1
Great Value,Unsweetened Applesauce,1
Great Value,Teddy Bear and Heart Cookie Decorating Kit,1
Great Value,Slam Dunks Lunch Box Snacks,1
Great Value,Skipjack in Water,1
Great Value,Quantity - 6 x 113 g (678 g),1
Great Value,Pineapple Mango,1
Great Value,Packaged Gravy and Seasonning mixes,1
Great Value,Pack of 250,1
Great Value,Pack of 100,1
Great Value,Organic Unsweetened Applesauce,1
Great Value,Milk Chocolate Covered Raisin,1
Great Value,Milk Chocolate Covered Peanuts,1
Great Value,Makes 12 S'mores,1
Great Value,Lemonade,1
Great Value,Lemon Black Tea,1
Great Value,Hockey Pucks Chocolate Cookies,1
Great Value,Great Value maple bacon,1
Great Value,Great Value Winter Wonderland Cookie Decorating Kit,1
Great Value,Great Value Vanilla Naturally Flavoured Almond Beverage,1
Great Value,Great Value Unsweetened Original Almond Beverage,1
Great Value,Great Value Sweetened Applesauce,1
Great Value,Great Value Stuffed Manzanilla Olives,1
Great Value,Great Value Spring Bloom Cookie Decorating Kit,1
Great Value,Great Value Sliced Pickled Beets,1
Great Value,Great Value Salt & Pepper Chicken Wings,1
Great Value,Great Value Quick Cook Steel Cut Oats 1kg,1
Great Value,Great Value Processed Cheese Slices,1
Great Value,Great Value Parboiled rice 2kg,1
Great Value,Great Value Original Wieners,1
Great Value,Great Value Original Margarine,1
Great Value,Great Value Original Bologna,1
Great Value,Great Value Original Almond Beverage,1
Great Value,Great Value Organic Original Rice Drink,1
Great Value,Great Value Monterey Jack Cheese With Jalape?os Peppers,1
Great Value,Great Value Margarine with 7% Olive Oil,1
Great Value,Great Value Light Processed Cheese Slices,1
Great Value,Great Value Honey Garlic Flavoured Chicken Wings,1
Great Value,Great Value Halloween Magic Cookie Decorating Kit,1
Great Value,Great Value Gingerbread Train Decorating Kit,1
Great Value,Great Value Gingerbread Family Cookie Decorating Kit,1
Great Value,Great Value Frozen Chicken Balls 800g,1
Great Value,Great Value French Onion Sour Cream Dip,1
Great Value,Great Value Extra Large Eggs,1
Great Value,Great Value Deluxe Hot Dog Buns,1
Great Value,Great Value Deluxe Hamburger Buns,1
Great Value,Great Value Crispy Chicken Wings,1
Great Value,Great Value Buffalo Chicken Wings - Medium,1
Great Value,Great Value Blackberries,1
Great Value,Great Value All Beef Wieners,1
Great Value,Great Value 68% Vegetable Oil Margarine,1
Great Value,Great Value 18% Table Cream,1
Great Value,Great Value 10% Half & Half Cream,1
Great Value,Grape,1
Great Value,GV thick cut bacon,1
Great Value,GV fully cooked smoked bacon,1
Great Value,GV ORG APP CDR VIN,1
Great Value,GV Club Soda,1
Great Value,GREAT VALUE PL GV BLACKBERRIES,1
Great Value,Fruit Punch,1
Great Value,Cooks in 1 Minute,1
Great Value,Chocolate chip granola bars,1
Great Value,Cherry,1
Great Value,Canola Oil,1
Great Value,Blue Raspberry,1
Great Value,Berry Pomegranate,1
Great Value,98g,1
Great Value,97g,1
Great Value,936g,1
Great Value,910g,1
Great Value,90ml,1
Great Value,8kg,1
Great Value,882g,1
Great Value,880g,1
Great Value,835g,1
Great Value,815g,1
Great Value,8 Pancakes (312 g),1
Great Value,796ml Chili Diced Tomatoes,1
Great Value,792 g (36 pieces),1
Great Value,782g,1
Great Value,775g,1
Great Value,770g,1
Great Value,755g,1
Great Value,72g,1
Great Value,726g,1
Great Value,725g,1
Great Value,72 tea bags,1
Great Value,703g,1
Great Value,700 g x 2,1
Great Value,685g,1
Great Value,678g,1
Great Value,65g,1
Great Value,642g,1
Great Value,632g,1
Great Value,625g,1
Great Value,620g,1
Great Value,6 Cups x 113g,1
Great Value,5g,1
Great Value,585g,1
Great Value,57g,1
Great Value,567g,1
Great Value,558g,1
Great Value,550ml,1
Great Value,540ml Whole Potatoes,1
Great Value,520g,1
Great Value,51g,1
Great Value,516g,1
Great Value,504 g (18 bags x 28 g),1
Great Value,500 g ( minimum 10 battered fillets),1
Great Value,5 x 175g,1
Great Value,5 Nut Bars,1
Great Value,4kg,1
Great Value,48g,1
Great Value,480ml/6 x 80ml bars,1
Great Value,480ml (6 x 80ml bars),1
Great Value,"480ml
6 x 80ml",1
,,
Great Value,480 g (1.05 lb),1
Great Value,48 count boxes,1
Great Value,476ml,1
Great Value,475g,1
Great Value,474g,1
Great Value,46ml,1
Great Value,446 g (10 S¡¯mores),1
Great Value,440ml,1
Great Value,432g,1
Great Value,430ml,1
Great Value,410g,1
Great Value,40g,1
Great Value,408g,1
Great Value,403g,1
Great Value,4 x 88ml,1
Great Value,39g,1
Great Value,394ml,1
Great Value,394g,1
Great Value,390g,1
Great Value,384g,1
Great Value,382g,1
Great Value,380g,1
Great Value,370g,1
Great Value,370 g (0.8 lb),1
Great Value,36g,1
Great Value,363g,1
Great Value,356g,1
Great Value,355g,1
Great Value,352 g/8 Cookies,1
Great Value,345g,1
Great Value,342g,1
Great Value,342,1
Great Value,338g,1
Great Value,330g,1
Great Value,326g,1
Great Value,323 g/8 Cookies,1
Great Value,321g,1
Great Value,32 Cups,1
Great Value,319g,1
Great Value,312g,1
Great Value,310 g (2 x 155 g),1
Great Value,306g,1
Great Value,300 g (2 x 150 g),1
Great Value,300 G,1
Great Value,290g,1
Great Value,286g,1
Great Value,284g,1
Great Value,283g,1
Great Value,283 g total,1
Great Value,28 Pack,1
Great Value,275g,1
Great Value,255g,1
Great Value,252g,1
Great Value,250 G,1
Great Value,240 g / 6 shells,1
Great Value,240 g (2 x 120 g),1
Great Value,24 x 75ml (1.8L),1
Great Value,24 x 75ml (1.8 L),1
Great Value,24 x 500ml,1
Great Value,24 Squares,1
Great Value,228g,1
Great Value,227 g (72 tea bags),1
Great Value,226g,1
Great Value,220g,1
Great Value,22 pieces (1.2 kg),1
Great Value,21g,1
Great Value,210 g\11 Cheese slices,1
Great Value,210 g/11 Cheese slices,1
Great Value,20g,1
Great Value,206g,1
Great Value,20 cups,1
Great Value,20 Patties,1
Great Value,2.84l,1
Great Value,2.5l,1
Great Value,2.27KG,1
Great Value,2.26KG,1
Great Value,2.1kg,1
Great Value,2 kilogram,1
Great Value,2 Kg,1
Great Value,1x4L bottle,1
Great Value,1x1.5L bottle,1
Great Value,1x 4L bottle,1
Great Value,196g,1
Great Value,190g,1
Great Value,18 x 66ml,1
Great Value,168g,1
Great Value,165g,1
Great Value,160g,1
Great Value,160 g (80 packets),1
Great Value,16 pack,1
Great Value,145g,1
Great Value,140g,1
Great Value,14 slices,1
Great Value,130g,1
Great Value,125ml,1
Great Value,120 Cups,1
Great Value,12 x 500ml,1
Great Value,12 x 120ml,1
Great Value,12 x 114g,1
Great Value,12 cups,1
Great Value,12 count,1
Great Value,12 Pods,1
Great Value,12 Large Size Eggs,1
Great Value,12 K-Cup? pods,1
Great Value,115g,1
Great Value,113g,1
Great Value,113 g Iodized salt,1
Great Value,112g,1
Great Value,110g,1
Great Value,10kg,1
Great Value,10g,1
Great Value,100% Whole Grain Rolled Oats,1
Great Value,100 lollipops,1
Great Value,10 packets,1
Great Value,1.96 kg (24 bags x 82 g),1
Great Value,1.8kg,1
Great Value,1.89 l,1
Great Value,1.89 LT,1
Great Value,1.82l,1
Great Value,1.6l,1
Great Value,1.6kg,1
Great Value,1.54l,1
Great Value,1.5 Kg,1
Great Value,1.4kg,1
Great Value,1.36kg,1
Great Value,1.36 KG,1
Great Value,1.24l,1
Great Value,1.17kg,1
Great Value,1.13g,1
Great Value,1.12kg,1
Great Value,1.09kg,1
Great Value,1.08kg,1
Great Value,1.07kg,1
Great Value,1 steak,1
Great Value,1 lb,1
Great Value,1 Kg,1
Greaves,250ml,5
Green,A bag contains on average 1000g,1
Green,100g,1
Green & Black's,90g,7
Green & Blacks,90g,8
Green Beaver,75ml,11
Green Beaver,50g,11
Green Beaver,990ml,6
Green Beaver,240ml,3
Green Beaver,60g,2
Green Beaver,100g,2
Green Beaver,40ml,1
Green Beaver,250ml,1
Green Giant,750g,29
Green Giant,340g,27
Green Giant,500g,24
Green Giant,398ml,18
Green Giant,250g,15
Green Giant,400g,12
Green Giant,341ml,8
Green Giant,283g,6
Green Giant,PERFECT AS A SIDE DISH TO ANY MEAL.,5
Green Giant,454g,5
Green Giant,398 Millilitre,4
Green Giant,297g,4
Green Giant,341 Millilitre,3
Green Giant,540 Millilitre,2
Green Giant,198g,2
Green Giant,Valley Selections Whole Green Bean 500GR,1
Green Giant,Valley Selections Stir Fry Med,1
Green Giant,Valley Selections Savoury Garlic Pasta With Vegetables 500GR,1
Green Giant,Valley Selections Japanese Mix 500GR,1
Green Giant,Valley Selections Essentials Seasoned Asian Blend 400GR,1
Green Giant,Valley Selections Cut Broccoli 500GR,1
Green Giant,Valley Selections Cheddar Pasta With Vegetables 500GR,1
Green Giant,Valley Selections Baby Blend 400GR,1
Green Giant,Valley Selection California Mix 500GR,1
Green Giant,Sides Garlic Parm Green Beans,1
Green Giant,Rest Sides Cauliflower & Onion,1
Green Giant,No Salt Harvest Select341 Millilitre,1
Green Giant,Green Giant Summer Sweet Peas 750GR,1
Green Giant,Green Giant Peaches & CreamWhole Kernel Corn 750GR,1
Green Giant,Green Giant Nat Cut Green Bean,1
Green Giant,Green Giant Core Whl Krnl Corn,1
Green Giant,Green Giant Core Swtlts Pea 750GR,1
Green Giant,Green Giant Core Mixed Veg 750GR,1
Green Giant,GREEN GIANT Valley Selections ITALIAN BLEND,1
Green Giant,GREEN GIANT Valley Selections BEAN & CARROT,1
Green Giant,French Style Green Beans 750g,1
Green Giant,425g,1
Green Giant,395 Millilitre,1
Green Giant,284 Millilitre,1
Green Giant,227g,1
Green Giant,170g,1
Green Giant,12 Each,1
Green Giant,1.4kg,1
Green Giant,1.34kg,1
Green Giant Canned,Ggiant French Style Green Bean,1
Green Giant Canned,G Giant Low Salt Summer Sw Pea,1
Green Giant Canned,G Giant Canned Whole Kernel Cor,1
Green Giant Canned,G Giant Canned Sweetlet Peas. G,1
Green Giant Canned,G Giant Canned Peaches & Cream,1
Green Giant Canned,G Giant Canned Low Salt Cut Bean,1
Green Giant Canned,G Giant Canned Harvest Select N,1
Green Giant Canned,G Giant Canned Cut Green Beans,1
Green Giant Canned,G Giant Canned Cream Style Corn,1
Green Giant Canned,G Giant Canned 1/3 Less Salt W,1
Green Giant Canned,G Giant Canned 1/3 Less Salt Su,1
Green Giant Canned,G Giant Canned 1/3 Less Salt Cu,1
Green Giant Canned,540ml,1
Green Ocean,160g,2
Green Ocean,425g,1
Green Valley,12un,1
Green&Black's,90g,2
Green's,280g,2
Green's,137g,1
Greenbelt Organic Greens,200g,1
Greenbelt Organic Greens,142g,1
Greenbelt organic greens,200g,3
Greenbelt organic greens,142g,3
Greenfield,81g,2
Greenfield,74g,1
Greenfield,67g,1
Greenfield,375g,1
Greenfield,340g,1
Greenfield,117g,1
Greenfield Natural,81g,2
Greenfield Natural,375g,2
Greenfield Natural,175g,2
Greenfield Natural,500g,1
Greenfield Natural,300g,1
Greenfield Natural Meat Co,375g,5
Greenfield Natural Meat Co,,1
Greenfield Natural Meat Co.,375g,5
Greenfield Natural Meat Co.,81g,2
Greenfield Natural Meat Co.,78g,1
Greenfield Natural Meat Co.,74g,1
Greenfield Natural Meat Co.,117g,1
Greenhouse,300ml,24
Greenhouse,60ml,10
Greenhouse,946ml,6
Greenhouse,900ml,6
Greenhouse,4x60.0ml,6
Greenhouse,4x60ml,5
Greenhouse,473ml,1
Greenhouse,240ml,1
Greenhouse,1260ml,1
Greenworld,E-AL PREMIUM GW BURGUL LIGHT #1,1
Grenache,400g,2
Grimm's,450g,7
Grimm's,600g,5
Grimm's,375g,4
Grimm's,250g,3
Grimm's,Pepperoni Sticks 600g,1
Grimm's,Gluten & Lactose Free,1
Grimm's,300g,1
Grimm's,175g,1
Grimms,300g,5
Grimms,6 Each,4
Grimms,450g,2
Grimms,175g,2
Grimms,Lyona SausageBeer Sausage175g,1
Grimms,Honey & Garlic250g,1
Grimms,600g,1
Grimms,50g,1
Grimms,250g,1
Grimms,250 Each,1
Grissol,120g,17
Grissol,400g,7
Grissol,350g,4
Grissol,200g,4
Grissol,150g,4
Grissol,130g,4
Grissol,Garlic Herb135g,1
Grissol,Creamy Caesar135g,1
Grissol,Caesar135g,1
Grizzly,60g,3
Grizzly,170g,2
Grizzly,140g,2
Grizzly,70g,1
Grizzly,120g,1
Grizzly,,1
Grolsch,4x500.0ml,3
Grolsch,4x500ml - cans,2
Grolsch,4x500ml - cans,1
Gross,100g,9
Gross,125g,6
Gross,300g,5
Gross,Choco Biscuit & Peanut,1
Gross,Choco Biscuit & Mousse,1
Gross,Choco Biscuit & Milk,1
Gross,Choco Biscuit & Caramel,1
Growers,100g,2
Growers,Growers Garlic flavor Peanuts,1
Growers,473ml,1
Gruvi,6x355.0ml,1
Gruvi,4x275.0ml,1
Guacamaya,Mexican Hot Sauce 365ml,3
Guarana Antartica,350ml,1
Guarana Antartica,2l,1
Guard,4.54kg,3
Guard,4.535kg,1
Guardoinrt,Guardoinrt Plastic Colorful Lollipop Drum With Mallet For Stimulating Creativity Interesting Lollipop Shape 6inch,1
Guardoinrt,100 Pieces Canvas Drawstring Bags Bag Filter Solid Color Fine Mesh Reliable Fast Drying Spice Bag for Hold Crafts Tea Leaf 7*9cm,1
Guayaki,458 Millilitre,4
Guelph Soap,90g,10
Guiness,4 Each,1
Guinness,4x440.0ml,3
Guinness,4x440ml,2
Guinness,Non-Alcohol Beer 4 Pack 4 x 440ml,1
Guinness,500ml,1
Guinness,180g,1
Gujjuben,7 FLAVOR PANIPURI,1
Gullon,600g,2
Gulong,156g,1
Gummi Pop,20g,1
Gummi Pop Surprise,20g,1
Gummy Rush,1X150g Tub,6
Gupbes,Stackable Vacuum Sealed Coffee Cans For Cafe 1100ml,1
Gupbes,Multi-Grooves Waves Easy Demoulding For Home Bakery 3 Grooves,1
Guru,355ml,10
Guru,355 Millilitre,2
Guru,250ml,2
Guru,4x355ml,1
Gushers,368g,1
Gusparo,270g,2
Gusta,350g,8
Gusta,340g,4
Gusta,800g,2
Gusta,200g,2
Gusta,227g,1
Gusto Bouno,300g,2
Gutsy,355ml,7
Guy Fieri,494ml,1
H & H,600g,1
H Hanamaruki,500g,1
H and H,500g,4
H and H,454g,2
H&H,600g,1
H&H Healthy & Happy,454 g (1 lb),2
H&K,500ml,1
H.K. Anderson,HK Anderson Pretzels,1
HACKER PSCHORR,500ml,1
HADDAR,Tahini Sesame Paste KPY,1
HADDAR,E-ALTRA SALT,1
HAGEN DAZS,E-HAGEN DAZS HDZ DVNE CFFCKIESWRl,1
HAGEN DAZS,E-HAGEN DAZS HD WHT CHOC RSP TRF,1
HAGEN DAZS,E-HAGEN DAZS HD VANILLA,1
HAGEN DAZS,E-HAGEN DAZS HD STRAWBERRY,1
HAGEN DAZS,E-HAGEN DAZS HD PN PNBT (8X400ml),1
HAGEN DAZS,E-HAGEN DAZS HD EXTRZ SLTDCRmlBRN,1
HAGEN DAZS,E-HAGEN DAZS HD DVNE RSPCHSCKE,1
HAGEN DAZS,E-HAGEN DAZS HD DULCE DE LECHE,1
HAGEN DAZS,E-HAGEN DAZS HD COFFEE,1
HAGEN DAZS,E-HAGEN DAZS HD CHOCOLATE,1
HAGEN DAZS,E-HAGEN DAZS HD CHOC PNT BTTR,1
HAGEN DAZS,E-HAGEN DAZS HD BRWNS&CKIEDGH,1
HALO TOP,473 Millilitre,4
HAO TEA,200g,6
HAPPYDAYS,1l,1
HARDBITE,150g,3
HARDBITE,Hardbite True North Spuds,1
HARDBITE,Hardbite Sweet Ghost Pepper Chips,1
HARDBITE,Hardbite Black Sea Salt,1
HARDBITE,E-HARDBITE HARDBITE ALL DRESS,1
HCOWRD,24 Pack Reusable Popsicle Bags Ice Pop Sleeves Antifreezing Sleeves,1
HEAVEN & EARTH,Toppers Veggie Medley Mix GF KPY,1
HELLMANNS,340 Millilitre,1
HENDERSON,473ml,2
HERSHEY'S CHIPITS,270g,6
HERSHEY'S CHIPITS,200g,4
HERSHEY'S CHIPITS,835g,2
HERSHEY'S CHIPITS,HERSHEY'S CHIPITS CREAM CHEESE,1
HERSHEY'S CHIPITS,925g,1
HERSHEY'S CHIPITS,775g,1
HERSHEY'S CHIPITS,250g,1
HERSHEY'S CHIPITS,225g,1
HERSHEY'S CHIPITS,1.65kg,1
HO-YA,HO-YA Pad Thai Instant Noodles,1
HO-YA,HO-YA Japanese Style Katsuo Udon,1
HO-YA,HO-YA Instant Rice Pho Noodles,1
HO-YA,HO-YA Golden Chicken Flavoured Ramen,1
HOMEMADE PATISSERIE,450g,3
HOMEMADE PATISSERIE,500g,2
HON'S,825g,1
HON'S,30 Each,1
HONEY MAID,400g,5
HOT-KID,100g,3
HP,400ml,7
HP,255g,2
HP,The original brown sauce,1
HP,Mild & Tangy brown sauce 225g,1
HP,400 Millilitre,1
HP,225g,1
HR Haldiram's,Indian snacks,8
HR Haldiram's,potato snack,1
HR Haldiram's,mix of various savoury,1
HR Haldiram's,Thin-shaped spicy snack,1
HR Haldiram's,Sweet and Salty Snack,1
HR Haldiram's,Sweet & sour snack mix,1
HR Haldiram's,Spicy lemon flavored snack,1
HR Haldiram's,SOAN PAPDI,1
HR Haldiram's,Mixed snack,1
HR Haldiram's,HRS loungsev ratlami,1
HR Haldiram's,HRS Masala Chana,1
HR Haldiram's,HRS Bhakarvadi (MINI),1
HR Haldiram's,HR Mazedaar Kissey 1.13 Kg,1
HR Haldiram's,HR Double Mazza 1.35 Kg,1
HR Haldiram's,HR Dalbiji,1
HR Haldiram's,HR Chatpata Dal,1
HR Haldiram's,Crispies & Namkeen,1
HTB,900g,2
HTB,794g,1
HTB,340g,1
HTB,125g,1
HU,60g,3
HUBBA BUBBA,(4) X 5 Pieces,1
HUBBA BUBBA_EN,Hubba Bubba Tape Awesome Original_EN,1
HUNGRY JACKS EX,HJ EXT L&F,1
HUNGRY JACKS EX,HJ BM PC MIX,1
HUNTS,796 Millilitre,2
HUY FONG,433 Millilitre,1
Haagen Dazs,450ml,41
Haagen Dazs,3x88.0ml,11
Haagen Dazs,414ml,10
Haagen Dazs,400ml,9
Haagen Dazs,216ml,8
Haagen Dazs,0.946l,5
Haagen Dazs,946ml,3
Haagen Dazs,3x72ml,3
Haagen Dazs,4x55.0ml,2
Haagen Dazs,3x72.0ml,2
Haagen Dazs,3 Each,2
Haagen Dazs,9x88.0ml,1
Haagen Dazs,72ml,1
Haagen Dazs,6x88ml,1
Haagen-Dazs,450 Millilitre,21
Haagen-Dazs,3 Each,9
Haagen-Dazs,414 Millilitre,5
Haagen-Dazs,72 Millilitre,2
Haagen-Dazs,400 Millilitre,2
Haagen-Dazs,Share Size946 Millilitre,1
Haagen-Dazs,Coffee Flavour450 Millilitre,1
Habitant,796ml,18
Habitant,796 Millilitre,1
Hadar,297g,3
Hadar,175g,3
Hadar,185g,1
Haday,750ml,1
Haday,700g,1
Haddar,100g,9
Haddar,227g,8
Haddar,680g,7
Haddar,454g,6
Haddar,35g,6
Haddar,37g,5
Haddar,340g,5
Haddar,99g,4
Haddar,255g,4
Haddar,475ml,3
Haddar,297g,3
Haddar,175g,3
Haddar,170g,3
Haddar,14g,3
Haddar,113g,3
Haddar,400g,2
Haddar,226g,2
Haddar,1ea,2
Haddar,595g,1
Haddar,51g,1
Haddar,510g,1
Haddar,500g,1
Haddar,453g,1
Haddar,425g,1
Haddar,420g,1
Haddar,396g,1
Haddar,370g,1
Haddar,285g,1
Haddar,284g,1
Haddar,148g,1
Haddar,125g,1
Haddar,107g,1
Haddar,1.18l,1
Haesong,6 x 5g,1
Hagen,275g,1
Hagensborg,40g,1
Hagensborg,10.5g,1
Haiku,398ml,4
Haiku,300g,2
Haiku,250g,2
Haiku,Asian Style Noodles 300g,1
Haiku,100g,1
Haitai,60g,2
Hak,540 Millilitre,1
Hakubaku,269g,4
Hakuro,Premium Koshihikari short grain japonica rice,1
Hakuro,Hakuro Premium Sushi Rice?,1
Halal,750g,5
Halali,180g,1
Haldiram,150g,24
Haldiram,300g,13
Haldiram,283g,12
Haldiram,400g,6
Haldiram,350g,6
Haldiram,250g,5
Haldiram,460g,4
Haldiram,200g,4
Haldiram,115g,3
Haldiram,90g,2
Haldiram,500g,2
Haldiram,420g,2
Haldiram,360g,2
Haldiram,275g,2
Haldiram,1kg,2
Haldiram,750g,1
Haldiram,160g,1
Halenda's,,5
Halenda's,275g,2
Halenda's,300g,1
Hallmark,600g,1
Hallmark,450g,1
Hallmark Farms,5kg,1
Hallmark Farms,1 Each,1
Halls,4un,1
Halo Top,473ml,22
Halo Top,Halo Top Sea Salt Caramel 437ml,1
Halo Top,Halo Top Peanut Butter Swirl 437ml,1
Halo Top,Halo Top CCCD 437ml,1
Halo Top,Halo Top Birthday Cake 437ml,1
Halo Top,437ml,1
Halos,2 lb,1
Halwani Bros,10 x 35g,1
Ham,Prepack300g,2
Ham,Fresh100g,2
Hamburger Helper,210g,3
Hamburger Helper,220g,2
Hamburger Helper,200g,2
Hamburger Helper,193g,2
Hamburger Helper,170g,2
Hamburger Helper,166g,2
Hamburger Helper,158g,2
Hamburger Helper,240g,1
Hamburger Helper,198g,1
Hamdard,800ml,1
Hamdard,25 fl.oz,1
Hanamal,100g,2
Hanamal,28g,1
Hanamaruki,500g,3
Hand,1 Each,2
Handfuel,150g,6
Handfuel,40g,5
Handfuel,120g,5
Handfuel,there¡¯s a choice for every mood.Key InformationQuality sourced ingredients100% natural flavoursNo artificial ingredients,4
Handfuel,there¡¯s a choice for every mood.,1
Handi,1kg,1
HangMeng,Fix It Wood Scratch Repair Spray Wood Floor Contact Cleaner Spray Furniture Repair Kit Tw,1
Hankook,450g,1
Hanna's,410g,1
Hans,750g,4
Hans,200ml,4
Hans,1l,4
Hans,300g,2
Hans,650g,1
Hans Dahi,750g,2
Hans Dairy,750g,2
Hans Dairy,725g,1
Hans Freitag,Hans Freitag Lebkuchen Allerlei (Assorted Gingerbread),1
Hans Freitag,Hans Freitag Glazed Pfeffernusse,1
Hans Freitag,Hans Freitag Gingerbread Hearts,1
Hans Freitag,400g,1
Haolam,170g,21
Haolam,227g,9
Haolam,1.36kg,5
Haolam,340g,4
Haolam,908g,3
Haolam,198g,3
Haolam,127g,3
Haolam,113g,3
Haolam,String Cheese,2
Haolam,Mozzarella,2
Haolam,509g,2
Haolam,226g,2
Haolam,142g,2
Haolam,141g,2
Haolam,140g,2
Haolam,WHITE CHEDDAR,1
Haolam,Sandwich Style Sliced,1
Haolam,Pizza,1
Haolam,Muenster,1
Haolam,Mozzarella et Cheddar,1
Haolam,Haolam Cheddar Natural Cheese,1
Haolam,Haolam American Pasteurized Process American Cheese,1
Haolam,Colored Cheddar,1
Haolam,Cheese,1
Haolam,Cheddar,1
Haolam,American Cheese,1
Haolam,99g,1
Haolam,907g,1
Haolam,454g,1
Haolam,400g,1
Haolam,30x454.0g,1
Haolam,283g,1
Hapi,280g,2
Hapi,120g,2
Happy & Healthy,180g,1
Happy & Healthy,10 Pound,1
Happy Dairy,300g,2
Happy Dairy,800g,1
Happy Days,2 Litre,1
Happy Planet,650ml,8
Happy Planet,500ml,1
Happy Pop's,256ml,2
Happy Pops,4x66ml,4
Hardbite,150g,22
Hardbite,128g,16
Hardbite,275g,5
Hardbite,625g,3
Hardy Buoy's,60g,2
Hardy Buoys,60g,2
Haribo,175g,35
Haribo,150g,8
Haribo,284g,5
Haribo,60g,3
Haribo,170g,2
Haribo,Vampire 175g,1
Haribo,Tropifrutti 175g,1
Haribo,Haribo Goldbear Gummies,1
Haribo,Halloween 40ct,1
Haribo,HARIBO STARMIX 284G,1
Haribo,HARIBO SOUR KICK,1
Haribo,HARIBO RAINBW STRIPS,1
Haribo,HARIBO Happy Cola Gummies,1
Haribo,E-HARIBO HARIBO STARMIX 284G,1
Haribo,520g,1
Haribo,25g,1
Harman Ice,Harman XL White Eggs,1
Harman Ice,Harman Select Large White Eggs,1
Harmless Harvest,Coconut Water & Coconut Meat296 Millilitre,1
Harmless Harvest,946 Millilitre,1
Harmony,45ea,1
Harney & Sons,1ea,4
Hartley's,Delicious Golden Syrup 454g,1
Hartley's,51g,1
Hartley's,100g,1
Harvest,375g,5
Harvest,250g,5
Harvest,500g,4
Harvest,71g,2
Harvest,675g,2
Harvest,1kg,2
Harvest,Dill Pickle250g,1
Harvest,8 Each,1
Harvest,630g,1
Harvest,4kg,1
Harvest,180g,1
Harvest Creek,raw ground turkey,1
Harvest Creek,900g,1
Harvest Creek Extra Lean Ground Chicken,Raw,1
Harvest Crunch,510g,1
Harvest Crunch,475g,1
Harvest Crunch,470g,1
Harvest Crunch,400g,1
Harvest Fresh,400g,1
Harvest Fresh,397g,1
Harvest Fresh,340g,1
Harvest Gold,675g,6
Harvest Meats,375g,3
Harvest Meats,675g,2
Harvest Meats,500g,2
Harvest Meats,450 g (8 wieners),1
Harvest Meats,300g,1
Harvest Snaps,94g,3
Harvest Snaps,93g,3
Harvest Snaps,Harvest Snaps Gluten Free Wasabi Ranch Green Pea Snack Chips 94g,1
Harvest Snaps,HRVST SNP TOM BASl,1
Harvest Snaps,Gluten Free,1
Harvest Snaps,Baked Veggie Snack,1
Harvest Snaps,85g,1
Harvest Snaps Crunchy Loops,E-DAKSHYN CRUNCHN SR CRM&ONION,1
Harvest Snaps?,Harvest Snaps Snack Crisps Black Pepper 94g,1
Harvest Snaps?,Gluten Free Veggie Crisps Original 94g,1
Harvey & Verns,355ml,2
Hashachar,Hashachar Baking Chocolate PY,1
Hashachar,Chocolate Spread Pareve PY,1
Hashachar,Chocolate Spread Dairy PY,1
Hashachar,500g,1
Hashachar,454g,1
Hashachar,400g,1
Hashachar Haole,500g,1
Hashachar Haole,454g,1
Hatch,300g,3
HavnLife,60ea,3
HavnLife,90ea,2
Havoc,280g,5
Havoc,232g,5
Havoc,190g,5
Havoc,88g,1
Havoc,80g,1
Hawaiian Punch,48ml,2
Hawkins,210g,3
Hawkins,420g,2
Hawkins,Triple Pack420g,1
Hawkins,Corn Snack36g,1
Hawkins,70g,1
Hawkins,4 Each,1
Hawkins,285g,1
Hawkins,14 Each,1
Hawkins Cheezies?,640g,1
Hawkins Cheezies?,285g,1
Haywards,Pickled Onions,1
Hazelnuts,Bulk100g,1
Headcheese,100g,1
Healthy & Happy,180g,5
Healthy & Happy,454g,1
Healthy Choice,269g,24
Healthy Choice,283g,19
Healthy Choice,262g,14
Healthy Choice,292g,8
Healthy Choice,259g,8
Healthy Choice,284g,7
Healthy Choice,298g,5
Healthy Choice,280g,4
Healthy Choice,255g,4
Healthy Choice,306g,3
Healthy Choice,301g,3
Healthy Choice,276g,3
Healthy Choice,HCGS TRKY HNY GLZD POT 269G,1
Healthy Choice,HCGS SPAG MTBL FZ SSM 269G,1
Healthy Choice,Chicken Fettuccini Alfredo,1
Healthy Choice,Chicken Fajita,1
Healthy Choice,4 Cheese Rav & Chckn Marinara,1
Healthy Choice Gourmet Steamers,262g,4
Healthy Choice Gourmet Steamers,283g,3
Healthy Choice Gourmet Steamers,269g,2
Healthy Choice Gourmet Steamers,306g,1
Healthy Choice Gourmet Steamers,301g,1
Healthy Choice Gourmet Steamers,298g,1
Healthy Choice Gourmet Steamers,292g,1
Healthy Choice Gourmet Steamers,284g,1
Healthy Choice Gourmet Steamers,280g,1
Healthy Choice Gourmet Steamers,276g,1
Healthy Choice Gourmet Steamers,259g,1
Healthy Choice Gourmet Steamers,2 lb,1
Healthy Crunch,225g,6
Healthy Crunch,235g,5
Healthy Crunch,340g,4
Healthy Crunch,132g,3
Healthy Crunch,283g,2
Healthy Crunch,250ml,2
Healthy Crunch,Rice Crispy Squares Vanilla (132 grams),1
Healthy Crunch,Rice Crispy Squares Double Chocolate (132 g),1
Healthy Crunch,Chocolate Strawberry Granola Bars (120 g),1
Healthy Crunch,Chocolate Banana Granola Bars (120 g),1
Healthy Crunch,180g,1
Healthy Hippo,50g,3
Heart of the Sea,680g,1
Heart of the Sea,400g,1
Heartbeat Hot Sauce Co.,177ml,11
Heaven & Earth,142g,3
Heaven & Earth,99g,2
Heaven & Earth,454g,2
Heaven & Earth,23g,2
Heaven & Earth,100g,2
Heavenly Flavors,255ml,1
Heavenly Hunks,170g,3
Heer,HEER DURUM ATTA,1
Heidi,100g,1
Heineken,6x330.0ml,5
Heineken,6 Each,2
Heineken,6x330ml - cans,1
Heineken,6x330ml - bottles,1
Heineken,500ml,1
Heineken,12x330ml,1
Heinz,398ml,46
Heinz,398 Millilitre,14
Heinz,750ml,11
Heinz,375ml,9
Heinz,362ml,6
Heinz,540ml,5
Heinz,455ml,5
Heinz,355ml,5
Heinz,1l,5
Heinz,750 Millilitre,4
Heinz,500ml,4
Heinz,1.5l,4
Heinz,9 Each,3
Heinz,354ml,3
Heinz,265ml,3
Heinz,1.36l,3
Heinz,560ml,2
Heinz,490ml,2
Heinz,455 Millilitre,2
Heinz,415g,2
Heinz,354 Millilitre,2
Heinz,284ml,2
Heinz,265 Millilitre,2
Heinz,Sausage & Pepperoni40 Each,1
Heinz,Pack of 9,1
Heinz,Homestyle Chili Sauce,1
Heinz,Heinz Tomato Ketchup No Sugar,1
Heinz,E-HEINZ HNZ KETCH PKl 375ml,1
Heinz,6x156ml,1
Heinz,675ml,1
Heinz,560 Millilitre,1
Heinz,490 Millilitre,1
Heinz,473ml,1
Heinz,400g,1
Heinz,4 Pack of Baked Beans,1
Heinz,3x375ml,1
Heinz,390g,1
Heinz,380ml,1
Heinz,380 Millilitre,1
Heinz,375 Millilitre,1
Heinz,355 Millilitre,1
Heinz,350ml,1
Heinz,320g,1
Heinz,3 Each,1
Heinz,2x1.25l,1
Heinz,285ml,1
Heinz,1.5 Litre,1
Heinz,1.36?l,1
Heinz,1.36 Litre,1
Heinz,1.125l,1
Heinz,1 Litre,1
Heiwa,227g,6
Heiwa,340g,3
Heiwa,6.8kg,2
Heiwa,1.25kg,2
Heiwa,Net Weight 1.25 Kg (250 g x 5),1
Heiwa,Frozen1.25kg,1
Heiwa,5 Pound,1
Heiwa,400g,1
Heiwa,4 lb,1
Heiwa,18.1kg,1
Heiwa,163ml,1
Heiwa,1.81kg,1
Hela,800ml,1
Hellmann's,340ml,6
Hellmann's,Mayonnaise,4
Hellmann's,890ml,4
Hellmann's,750ml,4
Hellmann's,890 Millilitre,3
Hellmann's,750ml Mayonnaise,3
Hellmann's,750 Millilitre,2
Hellmann's,710ml,2
Hellmann's,710 Millilitre,2
Hellmann's,445ml,2
Hellmann's,445 Millilitre,2
Hellmann's,340 Millilitre,2
Hellmann's,325ml,2
Hellmann's,1.42 Litre,2
Hellmann's,? the fat,1
Hellmann's,Real Mayonnaise,1
Hellmann's,Olive Oil Mayonnaise,1
Hellmann's,Light890 Millilitre,1
Hellmann's,Garlic Aioli340 Millilitre,1
Hellmann's,Garlic Aioli Mayonnaise Type Dressing,1
Hellmann's,Dressing & Spread340 Millilitre,1
Hellmann's,Chipotle Mayonnaise,1
Hellmann's,Burger Sauce,1
Hellmann's,890ml Mayonnaise,1
Hellmann's,710ml Dressing & Spread,1
Hellmann's,340ml Vegan Dressing,1
Hellmann's,1/2 The Fat750 Millilitre,1
Hellmann's,1.42l,1
Hellmann's,1.42 L Mayonnaise,1
Hellmanns,340ml,12
Hellmanns,890ml,8
Hellmanns,750ml,8
Hellmanns,710ml,4
Hellmanns,445ml,4
Hellmanns,325ml,4
Hellmanns,1.42l,3
Heluva,250g,11
Heluva,680g,2
Heluva Good,250g,3
Heluva Good,680g,1
Heluva Good!,250g,5
Heluva Good!,680g,2
Hemp,Unsalted100g,1
Hemp Yeah,283g,1
Henai Willig,200g,1
Hengstenberg,1.5l,1
Henri Willig,200g,3
Henri Willig,350g,1
Henri Willig,180g,1
Henri Willing,100g,1
Henry's Tempeh,250g,3
Herb's,500g,1
Herb's,250g,1
Herbaland Naturals Inc.,50g,2
Herbaland Naturals Inc.,240g,2
Herbamare,250g,3
Herbatint,135ml,26
Herbion,150ml,4
Herbion,18un,3
Herbion,100g,1
Herdez,453g,8
Herdez,454g,2
Herdez,440g,1
Hereford,340g,9
Hereford,Hereford Black Beans and Beef,1
Hereford,Hereford Beef Taco Filling,1
Hereford,A tradition since 1929,1
Hereford,340g. HALAL certified.,1
Hereford,130g,1
Hermes,680g,2
Hermes,907g,1
Hermes,567g,1
Hermes,454g,1
Hermes,198g,1
Hershey,200g,3
Hershey,Semi-Sweet Chocolate Chips270g,1
Hershey,Mini270g,1
Hershey,Dark Chocolate Chips 50% Cacao225g,1
Hershey,925g,1
Hershey,835g,1
Hershey,68g,1
Hershey,50 Each,1
Hershey,270g,1
Hershey,250g,1
Hershey,212g,1
Hershey,120g,1
Hershey's,200g,30
Hershey's,180g,23
Hershey's,270g,17
Hershey's,100g,14
Hershey's,170g,13
Hershey's,43g,12
Hershey's,90g,11
Hershey's,40 pieces,8
Hershey's,230g,7
Hershey's,85g,6
Hershey's,79g,6
Hershey's,172g,6
Hershey's,108g,5
Hershey's,82g,4
Hershey's,58g,4
Hershey's,4 Each,4
Hershey's,245g,4
Hershey's,244g,4
Hershey's,225g,4
Hershey's,191g,4
Hershey's,160g,4
Hershey's,156g,4
Hershey's,104g,4
Hershey's,1.17kg,4
Hershey's,Bulk100g,3
Hershey's,95g,3
Hershey's,88g,3
Hershey's,39g,3
Hershey's,290g,3
Hershey's,250g,3
Hershey's,226g,3
Hershey's,1un,3
Hershey's,925g,2
Hershey's,900g,2
Hershey's,835g,2
Hershey's,582g,2
Hershey's,52g,2
Hershey's,523ml,2
Hershey's,513g,2
Hershey's,50g,2
Hershey's,472ml,2
Hershey's,462ml,2
Hershey's,42g,2
Hershey's,4 * 43g,2
Hershey's,243g,2
Hershey's,210g,2
Hershey's,207g,2
Hershey's,1kg,2
Hershey's,165g,2
Hershey's,141g,2
Hershey's,130g,2
Hershey's,1020g,2
Hershey's,1000g,2
Hershey's,100 Each,2
Hershey's,1.02kg,2
Hershey's,1 Each,2
Hershey's,whip up a chocolate milkshake or double the chocolate in your favourite recipes. This kitchen staple is an easy way to make your day a little more delightful.,1
Hershey's,or mix it into smoothies and milkshakes.,1
Hershey's,on brownies or as a dip for sliced apples.,1
Hershey's,Variety651g,1
Hershey's,StrbryMlkChoco,1
Hershey's,StbryWhteChoCkieCrmb,1
Hershey's,REESE? is the perfect combination of peanut butter and chocolate in a crunchy shell.,1
Hershey's,RAINBOW EGGIES 200G_EN,1
Hershey's,Peanut Butter Shapes Chocolates595g,1
Hershey's,OriginalBulk100g,1
Hershey's,One 651g HERSHEY'S S'MORES Variety Kit,1
Hershey's,One 578g HERSHEY'S S'MORES Classic Kit,1
Hershey's,Mini HERSHEY'S COOKIES 'N' CREME candy 160g 1x12,1
Hershey's,Holiday and Christmas Chocolate Candy 212g,1
Hershey's,HERSHEY'S OATMADE Creamy Chocolate 90g,1
Hershey's,HERSHEY'S OAT MADE Almond Sea Salt Chocolate 90g,1
Hershey's,HERSHEY'S KISSES Sugar Cookie Holiday Candy 180g,1
Hershey's,HERSHEY'S KISSES GRINCH Holiday Milk Chocolate Candy 180g,1
Hershey's,HERSHEY'S Creamy Milk Chocolate bar.,1
Hershey's,Green & Silver) 180g,1
Hershey's,Cookies 'n' Creme212g,1
Hershey's,Cookies 'N' Creme with Graham Clusters90g,1
Hershey's,Christmas and Holiday Chocolates 59g,1
Hershey's,BlubryWhteMlkChoco,1
Hershey's,Assorted Chocolates50 Each,1
Hershey's,968g,1
Hershey's,95G,1
Hershey's,90G,1
Hershey's,85 g King,1
Hershey's,78g,1
Hershey's,75g,1
Hershey's,73g,1
Hershey's,62g,1
Hershey's,59g,1
Hershey's,595g,1
Hershey's,551g,1
Hershey's,4x93.0g,1
Hershey's,4x58g,1
Hershey's,4x46g,1
Hershey's,4x110.0g,1
Hershey's,41g,1
Hershey's,4 * 58g,1
Hershey's,4 * 52g,1
Hershey's,4 * 39g,1
Hershey's,3x15.3g,1
Hershey's,390g,1
Hershey's,375g,1
Hershey's,36g,1
Hershey's,3 Each,1
Hershey's,297g,1
Hershey's,275g,1
Hershey's,25ct HSY Cookies 'n' Cr¨¨me,1
Hershey's,25 Each,1
Hershey's,227g,1
Hershey's,212g,1
Hershey's,208g,1
Hershey's,1650g,1
Hershey's,163g,1
Hershey's,161g,1
Hershey's,150g,1
Hershey's,120g,1
Hershey's,113g,1
Hershey's,105g,1
Hershey's,102g; 8 count,1
Hershey's,102g,1
Hershey's,1 for you and 1 to share with someone special. Includes four different delicious HERSHEY'S KISSES flavours.,1
Hershey's Kisses,180g,1
Hersheys,Snack Size318g,1
Hersheys,540g,1
Hersheys,270g,1
Hersheys,1.02kg,1
Hey-Zero,Clearance Sale Aikimuse-ks710 Perfect With Flawless Brightening Solution Highlight Baking Powder #04 Peach Pink,1
Hi Chew,58g,4
Hi Chew,100g,1
Hi!Fancy,Gold Foil Leaf Festival Cake Cookies Decorative Handicrafts Dessert Pastry Candy Flakes Bakery Bar Food Dishes Tea Drink Decoration DIY Craft Copper,1
"Hi,Fancy",100 Pieces Canvas Drawstring Bags Filter Burlap Bags 100 Pieces Solid Color Fine Mesh Reliable Fast Drying Spice Bag for Hold Crafts Tea Leaf 7*9cm,1
Hi-Chew,58g,3
Hi-Chew,360G,1
Hi-Chew,100g,1
Hidden Valley,473ml,15
Hidden Valley,473 Millilitre,2
Hidden Valley,1.06l,2
Hidden Valley,Light473 Millilitre,1
Hidden Valley,Fat Free473 Millilitre,1
Hidden Valley,28g,1
Hidden Valley,1.06 Litre,1
Higashin,100g,1
High Liner,500g,33
High Liner,540g,22
High Liner,350g,19
High Liner,515g,18
High Liner,700g,17
High Liner,425g,16
High Liner,330g,14
High Liner,600g,8
High Liner,550g,6
High Liner,454g,5
High Liner,227g,5
High Liner,400g,3
High Liner,300g,2
High Liner,High Liner Jumbo Popcorn Shrimp,1
High Liner,High Liner Breaded Butterfly Shrimp,1
High Liner,Crispy Breaded8 Each,1
High Liner,800g,1
High Liner,750g,1
High Liner,680g,1
High Liner,580g,1
High Liner,510g,1
High Liner,1.4kg,1
High Liner,$22.02/1kg $9.99/1lb,1
High Liner,,1
Hikari Miso,500g,2
Hikari Miso,283g,1
Hill Biscuits,150g,1
Hill Street,750ml,1
Hill's Pet Nutrition,150g,1
Hills Bros,453gr,1
Hills Bros,453g,1
Hills Bros,340g,1
Himalaya Herbals,60ea,2
Himalaya Herbals,150g,2
Himalaya Herbals,30ea,1
Himalaya Herbals,1ea,1
Himalaya Herbals,113g,1
Hime,1l,3
Hippie Foods,227g,3
Hippie Snacks,70g,9
Hippie Snacks,70.8g,2
Hiyoshi,300g,2
Ho-Ya,80g,1
Ho-Ya,70g,1
Ho-Ya,220g,1
Hockley Valley,2.5kg,1
Holiday,340g,5
Holiday,Holiday Choc Dark Coconut Bon Bons KFP 170g,1
Holiday,Choc Milk Coconut Bon Bons KFP,1
Holiday,Choc Dark Raspberry Jell Bars KFP,1
Holiday,Choc Dark Coconut Bon Bons KFP,1
Holiday Mix,Cut450g,1
Holista,25ml,2
HollandEn,170g,1
Holos,90g,3
Holos,Maple Almond90g,1
Holy Crap,225g,2
Holy Crap,140g,1
Holy Napoli,385g,3
Holy Napoli,365g,2
Holy Napoli,425g,1
Home Made,600g,1
Home Pride,400g,1
Home Style,675g,2
Home Style,500g,1
Homemade Kosher,575g,4
Homemade Kosher,650g,3
Homemade Kosher,570g,2
Homemade Kosher,500g,2
Homemade Kosher,480g,2
Homemade Kosher,350g,1
Homeocan,100ml,4
Homeocan,50g,1
Homepride,400g,1
Homestyle,675g,1
Honest,200 xml,3
Honest Kids,5x200ml,2
Honest Kids,5 Each,2
Honey Bee,1 piece,1
Honey Maid,400g,1
Honey Stinger,30g,2
Honey Stinger,30.05g,1
Honey bunny,500g,1
Hong Yuan,350g,2
Honibe,70ea,4
Honibe,10un,2
Hop City,473ml,1
Hoppy Bunny,Solid milk confectionary with cookie bits,1
Hoppy Bunny,Pure solid milk chocolate with popping candy,1
Horlicks,500g,4
Hormel,100g,4
Hormel,79g,3
Hormel,340g,3
Hormel,425g,2
Hormel,200g,2
Hormel,Peppered85g,1
Hormel,Hormel Pepperoni Snack Tray,1
Hormel,Hormel Ham Snack Tray,1
Hormel,Applewood Smoked Flavour85g,1
Hormel,850g,1
Hormel,567g,1
Hormel,300g,1
Hormel,175 grams,1
Hormel,1.07kg,1
Hornby,80g,5
Horne's,250ml,1
Hostess,206g,14
Hostess,275g,9
Hostess,269g,6
Hostess,202g,5
Hostess,231g,4
Hostess,6un,3
Hostess,165g,2
Hostess,Salt & Vinegar275g,1
Hostess,90g,1
Hostess,80g,1
Hostess,262g,1
Hostess,252g,1
Hostess,121g,1
Hostess,113g,1
Hostess Hickory Sticks,90g,1
Hostess Hickory Sticks,275GM,1
Hostess Hickory Sticks,165g,1
Hot Kid,318g,2
Hot Kid,70g,1
Hot Peppers,Green25g,1
Hot-Kid,100g,5
Hot6sl,Office Tea Making,1
Hot6sl,Garden Candy Box Nut Snack Organizer Melon Dried Fruit Tray with Lid Compartment Double Storage Box Nut and Dried Fruit Organizer Snack Tray for Kitchen and Parties,1
House,43g,1
House Foods,396g,5
House Foods,538g,2
House Foods,340g,2
House Foods,226g,2
House Foods,43g,1
Houston Avenue Bar & Grill,$13.87/1kg $6.29/1lb,1
Houston Avenue Bar & Grill,$13.87/1kg,1
Houston Avenue Bar & Grill,$12.10/1kg $5.49/1lb,1
Houston Avenue Bar & Grill,$12.10/1kg,1
Hsu Fu Chi,Hsu Fu Chi Mixed Flavor New Year Candies (Packs) 308g,1
Hsu Fu Chi,Hsu Fu Chi Family Portrait Gift Box 1060g,1
Hsu Fu Chi,469g,1
Huang Fei Hong,410g,1
Hubba Bubba,5 Pieces,3
Hubba Bubba,1un,1
Hubba Bubba,(4) X 5 Pieces,1
Huer,300g,2
Huer,180g,2
Huer,Bulk100g,1
Huer,Assorted100g,1
Huer,150g,1
Huer,100g,1
Hugo Girard,240g,3
Humble,135g,8
Humble & Frank,250ml,7
Humble & Frank,250 Millilitre,6
Humble & Frank,255g,4
Humble & Frank,85g,3
Humble & Frank,250g,2
Humble & Frank,225g,2
Humble & Frank,296ml,1
Humble Potato Chips,135g,5
Hummingbird,540ml,1
Hummus,225g,1
Hummus,100g,1
Humpty Dumpty,250g,6
Humpty Dumpty,265g,5
Humpty Dumpty,280g,3
Humpty Dumpty,290g,2
Humpty Dumpty,370g,1
Humpty Dumpty,350g,1
Hungry Buddha,40g,8
Hungry Buddha,12x40g,3
Hungry Jack,Hungry Jack Original Complete Pancake Mix,1
Hungry-Man,455g,15
Hungry-Man,397g,8
Hungry-Man,411g,5
Hungry-Man,360g,5
Hungry-Man,428g,4
Hungry-Man,425g,4
Hungry-Man,397g - 8 Count,2
Hungry-Man,369g,2
Hungry-Man,BBQ sauce and corn,1
Hunt's,680ml,17
Hunt's,398ml,10
Hunt's,796ml,6
Hunt's,156ml,4
Hunt's,398 Millilitre,3
Hunt's,Thick & Rich Spicy Red Pepper Chilies680 Millilitre,2
Hunt's,910ml,2
Hunt's,213ml,2
Hunt's,156 Millilitre,2
Hunt's,Thick & Rich Roasted Garlic & Herbs680 Millilitre,1
Hunt's,Thick & Rich Original680 Millilitre,1
Hunt's,Thick & Rich Four Cheese680 Millilitre,1
Hunt's,Original398 Millilitre,1
Hunt's,Herb & Spices680 Millilitre,1
Hunt's,Herb & Spices398 Millilitre,1
Hunt's,Garlic156 Millilitre,1
Hunt's,Fat Free680 Millilitre,1
Hunt's,Bulk100g,1
Hunt's,500g,1
Hunt's,369ml,1
Hunt's,369 Millilitre,1
Hunt's,213 Millilitre,1
Huy Fong,460ml,3
Huy Fong,740ml,1
Huy Fong,433 Millilitre,1
Huy Fong,213ml,1
Huy Fong Foods,740ml,1
Huy Fong Foods,213ml (8oz),1
Huy Fong Foods,211ml (8oz),1
Hweilai,Hweilai Tofu Press: the best and original tofu press to transform your tofu,1
Hy's,455 Millilitre,1
Hy's,454g,1
Hy's,450g,1
Hygaard,830g,1
Hygaard,822g,1
Hygrade,450g,2
Hygrade,225g,2
Hygrade,375g,1
Hys,450g,1
Hywell,StoBag-caja de embalaje para hornear galletas 5 piezas yema de huevo crujiente donas Chocolate regalo ventana transparente cumplea?os Navidad evento y favores de fiesta,1
Hywell,Mini molde de silicona para tostadas bandeja Rectangular para hornear pasteles queso 1 unidad,1
Hywell,Dispensador de aceite de oliva de acero inoxidable botella vertedora de vinagre de aceite a prueba de fugas para accesorios de cocina,1
Hywell,Bolsa de dulces de conejito de Pascua tarjetas de Piruleta de conejo lindo cajas de embalaje de regalos de galletas de Chocolate decoraci¨®n de fiesta de cumplea?os de feliz Pascua,1
H?agen-Dazs,450ml,26
H?agen-Dazs,414ml,15
H?agen-Dazs,3x72ml,8
H?agen-Dazs,3x88ml,7
H?agen-Dazs,216ml,5
H?agen-Dazs,400ml,4
H?agen-Dazs,0.9l,3
H?agen-Dazs,4x55ml,2
H?agen-Dazs,3 x 88ml,2
H?agen-Dazs,E-HAGEN DAZS HGDZS STRWBRRS&CRM,1
H?agen-Dazs,E-HAGEN DAZS HGDZS MANGO RASPBRRY,1
H?agen-Dazs,E-HAGEN DAZS HD VANILLASWISSALM,1
H?agen-Dazs,E-HAGEN DAZS HD VANILLA BEAN,1
H?agen-Dazs,E-HAGEN DAZS HD MNT CHC (8X414ml),1
H?agen-Dazs,E-HAGEN DAZS HD EXTRZ STRWBRCHSCK,1
H?agen-Dazs,E-HAGEN DAZS HD EXTRZ CKIEDGHDYN,1
H?agen-Dazs,E-HAGEN DAZS HD CHOCOLATEHAZELNUT,1
H?agen-Dazs,528ml,1
H?agen-Dazs,4 x 55ml,1
H?agen-Dazs,264ml,1
H?agen-Dazs,216,1
H?agen-Dazs,12 x 60ml,1
H¨¦ritage 77,1.75l,1
I Can't Believe It's Not Butter!,454g,2
I Can't Believe It's Not Butter!,427g,2
I Can't Believe It's Not Butter!,226g,1
I Can't Believe Its Not Butter,427g,1
I Can't Believe it's Not Butter,212g,1
I Cant Believe,427g,1
I-MEI,525g,1
ICEE,170g,6
IOGO,6x93.0ml,30
IOGO,16x100.0g,14
IOGO,2kg,7
IOGO,6 Each,6
IOGO,900ml,4
IOGO,Yogurt,2
IOGO,93 Millilitre,2
IOGO,24x93.0ml,2
IOGO,RaspberryBlueberry & Vanilla16 Each,1
IOGO,24 Each,1
IOGO,16x95.0g,1
IOGO,16 Each,1
IOGO,1.6kg,1
ITALISSIMA,450 Millilitre,1
ITALISSIMA,398 Millilitre,1
Ice Breakers,43g,4
Ice Breakers,102 Each,2
Ice Breakers,73 Each,1
Ice River Springs,4l,3
Ice River Springs,32x500.0ml,2
Ice River Springs,15l,2
Ice River Springs,8x125.0ml,1
Icelandic,6x500ml,1
Icelandic,1l,1
Icelandic Glacial,1l,1
Icim,550g,2
Icy Waters,170g,1
Idahoan,113g,8
Idahoan,rich mashed potatoes in minutes with Idahoan Buttery Homestyle Mashed Potatoes!,1
Idahoan,rich mashed potatoes in minutes with Idahoan Baby Reds Mashed Potatoes.,1
Idahoan,and bacon flavor.,1
Idahoan,Idahoan Butter & Herb Mashed Potatoes. Made with 100% REAL Idaho potatoes perfectly blended with butter and parsley.,1
Idahoan,113.4g,1
Igor,150g,1
Ilchester,200g,3
Ilchester,150g,2
Ilchester,6 Each,1
Ilchester,,1
Ile De France,250g,4
Ile De France,125g,3
Ile De France,100g,1
Ile De France,$49.90/1kg $22.64/1lb,1
Ile De France,$49.90/1kg,1
Ile France,125g,1
Ile de France,250g,2
Ile de France,5x25g,1
Ile de France,150g,1
Ile de France,100g,1
Ile de France,1 piece,1
Illy,250g,8
Illy,95g,2
Illy,119g,2
Illy,10un,1
Imagine,1l,20
Imagine,946ml,2
Imagine,Organic Broth,1
Imagine Foods,946 Millilitre,1
Imitation Crab,907g,1
Imperial,637g,6
Imperial,212g,4
Imperial,1.36kg,4
Imperial,1.28kg,3
Imperial,1.275kg,2
Imperial,Imperial Popcorn,1
Imperial,Imperial Non-Hydrogenated Margarine,1
Imperial,60g,1
Imperial,400g,1
Imperial,200g,1
Imperial,150g,1
Impossible,383g,1
Impossible,340g,1
Impossible,226g,1
Impossible Foods,looks and tastes just like ground beef,1
Impossible Foods,Impossible Nuggets 383g,1
Impossible Foods,Impossible Burger Patties Made from Plants 226g,1
Impossible Foods,680g,1
Impossible Foods,383g,1
Impossible Foods,340g,1
Impossible Foods,2 Each,1
Impossible Foods Inc.,340g,2
Impossible Foods Inc.,226g,2
In The Raw,50g,2
In The Raw,500g,2
In The Raw,275g,1
Inca,2l,1
Incopil,850g,2
Inday's,150ml,2
India Gate,4.5kg,1
India Sauce,375ml,1
India's Own,Value Pack14 Each,1
India's Own,India's own - Premium Brown Basmati Rice 4.54 Kg,1
India's Own,4.54kg,1
India-,KURKURE MASALA MUNCH,1
India-,KURKURE CHILLI CHAT,1
Indigo,1un,1
Indomie,5x425.0g,4
Indomie,75g,2
Indomie,5x85g,2
Indomie,5x85.0g,2
Indomie,55g,2
Indomie,5 Each,2
Indomie,425g,2
Indomie,Whole Grain Whole Wheat Rotini375g,1
Indomie,80g x 5,1
Indomie,5x80g,1
Indomie,5 x 85g,1
Indomie,400g,1
Ines Rosales,180g,4
Inglehoffer,280ml,3
Inglehoffer,280 Millilitre,2
Inglehoffer,250 Millilitre,2
Inka,200g,1
Inspired By Happines,1 Each,2
Inspired Greens,Red Batavia1 Each,1
Inspired Greens,Green Batavia1 Each,1
Inspired Greens,1 Each,1
Instant Quaker Oats,304g,2
Instant Quaker Oats,264g,2
Instant Quaker Oats,774g,1
Instant Quaker Oats,594g,1
Instant Quaker Oats,344g,1
Instant Quaker Oats,314g,1
Instant Quaker Oats,300g,1
Instant Quaker Oats,280g,1
Instant Quaker Oats,232g,1
Instant Quaker Oats Functional Benefits,344g,1
Instant Quaker Oats Functional Benefits,304g,1
International Delight,946ml,30
International Delight,396g,16
International Delight,946 Millilitre,15
International Delight,946ml Coffee Whitener,12
International Delight,1.89l,7
International Delight,1.42l,5
International Delight,473ml Coffee Whitener,4
International Delight,473 Millilitre,4
International Delight,369g,3
International Delight,24 Pack,3
International Delight,1.89L coffee,2
International Delight,1.89 Litre,2
International Delight,1.42L Coffee Whitener,2
International Delight,1.42 Litre,2
International Delight,International Delight Cold Foam Vanilla,1
International Delight,International Delight Cold Foam Caramel Macchiato,1
International Delight,1.89L Coffee,1
Invitations,750ml,4
In¨¦wa,600g,2
In¨¦wa,550g,2
In¨¦wa,6 buns,1
In¨¦wa Boulangerie Alternative,600g,2
In¨¦wa Boulangerie Alternative,550g,2
In¨¦wa Boulangerie Alternative,6 buns,1
Iogo,6 Each,6
Iogo,93 Millilitre,2
Iogo,2kg,2
Iogo,RaspberryBlueberry & Vanilla16 Each,1
Iogo,24 Each,1
Iogo,16 Each,1
Irini,750ml,2
Irini,2l,2
Irini,1.5l,2
IronVegan,150g,4
IronVegan,64g,2
IronVegan,2.5kg,2
IronVegan,62g,1
IronVegan,400g,1
IronVegan,180g,1
Irresistible,850g,3
Irresistible,6 un - 300g,1
Irresistibles,600g,38
Irresistibles,300g,38
Irresistibles,340g,35
Irresistibles,500g,31
Irresistibles,400g,28
Irresistibles,750g,22
Irresistibles,150g,21
Irresistibles,250ml,19
Irresistibles,100g,19
Irresistibles,1.5l,18
Irresistibles,200g,17
Irresistibles,350ml,16
Irresistibles,250g,16
Irresistibles,12un,14
Irresistibles,454g,13
Irresistibles,280g,13
Irresistibles,500ml,12
Irresistibles,1kg,12
Irresistibles,680g,10
Irresistibles,21g,9
Irresistibles,450g,8
Irresistibles,398ml,8
Irresistibles,142g,8
Irresistibles,10un,8
Irresistibles,1.89?l,8
Irresistibles,907g,7
Irresistibles,850g,7
Irresistibles,4x88ml,7
Irresistibles,375g,7
Irresistibles,360ml,7
Irresistibles,360g,7
Irresistibles,330g,7
Irresistibles,1un,7
Irresistibles,1l,7
Irresistibles,1.65l,7
Irresistibles,1.54l,7
Irresistibles,1 piece,7
Irresistibles,,7
Irresistibles,946ml,6
Irresistibles,800g,6
Irresistibles,700g,6
Irresistibles,540ml,6
Irresistibles,4x100g,6
Irresistibles,4 muffins,6
Irresistibles,350g,6
Irresistibles,336g,6
Irresistibles,750ml,5
Irresistibles,4 in - 300g,5
Irresistibles,376g,5
Irresistibles,375ml,5
Irresistibles,240g,5
Irresistibles,20un,5
Irresistibles,145g,5
Irresistibles,130g,5
Irresistibles,125g,5
Irresistibles,113g,5
Irresistibles,1.13kg,5
Irresistibles,1.02kg,5
Irresistibles,908g,4
Irresistibles,830g,4
Irresistibles,65g,4
Irresistibles,650ml,4
Irresistibles,6 in - 650g,4
Irresistibles,550g,4
Irresistibles,50g,4
Irresistibles,390g,4
Irresistibles,365g,4
Irresistibles,325ml,4
Irresistibles,227g,4
Irresistibles,208g,4
Irresistibles,170g,4
Irresistibles,16x100g,4
Irresistibles,925g,3
Irresistibles,85g,3
Irresistibles,852g,3
Irresistibles,72un,3
Irresistibles,6x1l,3
Irresistibles,600 g (serves 6),3
Irresistibles,475ml,3
Irresistibles,440g,3
Irresistibles,430ml,3
Irresistibles,40g,3
Irresistibles,3x90ml,3
Irresistibles,368g,3
Irresistibles,30un,3
Irresistibles,300ml,3
Irresistibles,290g,3
Irresistibles,275g,3
Irresistibles,270ml,3
Irresistibles,265g,3
Irresistibles,255g,3
Irresistibles,225g,3
Irresistibles,2.5l,3
Irresistibles,180g,3
Irresistibles,175g,3
Irresistibles,12 un - 1kg,3
Irresistibles,10x88ml,3
Irresistibles,10g,3
Irresistibles,106g,3
Irresistibles,1.5kg,3
Irresistibles,900g,2
Irresistibles,8 in - 1.1kg,2
Irresistibles,8 buns,2
Irresistibles,70g,2
Irresistibles,6x355ml - cans,2
Irresistibles,660g,2
Irresistibles,630g,2
Irresistibles,6 un - 510g,2
Irresistibles,5x55ml,2
Irresistibles,590g,2
Irresistibles,560g,2
Irresistibles,55g,2
Irresistibles,52g,2
Irresistibles,525g,2
Irresistibles,510g,2
Irresistibles,4x67g,2
Irresistibles,48un,2
Irresistibles,480g,2
Irresistibles,450ml,2
Irresistibles,410g,2
Irresistibles,4 in - 400g,2
Irresistibles,4 in - 325g,2
Irresistibles,385g,2
Irresistibles,370g,2
Irresistibles,32g,2
Irresistibles,325g,2
Irresistibles,320g,2
Irresistibles,284g,2
Irresistibles,270g,2
Irresistibles,20g,2
Irresistibles,16un,2
Irresistibles,12x100g,2
Irresistibles,123g,2
Irresistibles,Approx. 32 un - 400g,1
Irresistibles,Approx. 28 un - 455g,1
Irresistibles,95ml,1
Irresistibles,8un,1
Irresistibles,890ml,1
Irresistibles,842g,1
Irresistibles,820g,1
Irresistibles,8 in - 1.25kg,1
Irresistibles,8 in - 1.15kg,1
Irresistibles,770g,1
Irresistibles,75g,1
Irresistibles,744g,1
Irresistibles,720g,1
Irresistibles,715g,1
Irresistibles,6x75g,1
Irresistibles,6x100g,1
Irresistibles,690ml,1
Irresistibles,68g,1
Irresistibles,670g,1
Irresistibles,650g,1
Irresistibles,635g,1
Irresistibles,62g,1
Irresistibles,60g,1
Irresistibles,6 un - 450g,1
Irresistibles,6 un - 300g,1
Irresistibles,6 in - 800g,1
Irresistibles,6 in - 750g,1
Irresistibles,57g,1
Irresistibles,576g,1
Irresistibles,567g,1
Irresistibles,563g,1
Irresistibles,54g,1
Irresistibles,520g,1
Irresistibles,493g,1
Irresistibles,46ml,1
Irresistibles,468g,1
Irresistibles,448g,1
Irresistibles,432g,1
Irresistibles,3x100ml,1
Irresistibles,3l,1
Irresistibles,388g,1
Irresistibles,367g,1
Irresistibles,363g,1
Irresistibles,35g,1
Irresistibles,342g,1
Irresistibles,341ml,1
Irresistibles,312g,1
Irresistibles,2x126g,1
Irresistibles,285g,1
Irresistibles,283g,1
Irresistibles,268g,1
Irresistibles,264g,1
Irresistibles,260g,1
Irresistibles,23g,1
Irresistibles,229g,1
Irresistibles,228g,1
Irresistibles,226g,1
Irresistibles,220g,1
Irresistibles,2.27kg,1
Irresistibles,1g,1
Irresistibles,191g,1
Irresistibles,18un,1
Irresistibles,17g,1
Irresistibles,16g,1
Irresistibles,160g,1
Irresistibles,158g,1
Irresistibles,150ml,1
Irresistibles,13g,1
Irresistibles,125ml,1
Irresistibles,120g,1
Irresistibles,110g,1
Irresistibles,108g,1
Irresistibles,104g,1
Irresistibles,1.89l,1
Irresistibles,1.87kg,1
Irresistibles,1.47kg,1
Irresistibles,1.2kg,1
Irresistibles,1.1kg,1
Irresistibles,1.10kg,1
Irresistibles,1.08kg,1
Irresistibles,1 per tray,1
Irr¨¦sistible,600g,28
Irr¨¦sistible,500g,27
Irr¨¦sistible,300g,26
Irr¨¦sistible,400g,20
Irr¨¦sistible,340g,20
Irr¨¦sistible,150g,18
Irr¨¦sistible,1.5l,17
Irr¨¦sistible,250ml,16
Irr¨¦sistible,200g,16
Irr¨¦sistible,100g,16
Irr¨¦sistible,750g,15
Irr¨¦sistible,280g,13
Irr¨¦sistible,250g,12
Irr¨¦sistible,350ml,11
Irr¨¦sistible,12un,11
Irr¨¦sistible,850g,10
Irr¨¦sistible,500ml,10
Irr¨¦sistible,21g,9
Irr¨¦sistible,680g,8
Irr¨¦sistible,454g,8
Irr¨¦sistible,1kg,8
Irr¨¦sistible,1.89?l,8
Irr¨¦sistible,375g,7
Irr¨¦sistible,1l,7
Irr¨¦sistible,1.65l,7
Irr¨¦sistible,1.54l,7
Irr¨¦sistible,946ml,6
Irr¨¦sistible,540ml,6
Irr¨¦sistible,4x100g,6
Irr¨¦sistible,360ml,6
Irr¨¦sistible,330g,6
Irr¨¦sistible,240g,6
Irr¨¦sistible,142g,6
Irr¨¦sistible,800g,5
Irr¨¦sistible,700g,5
Irr¨¦sistible,4x88ml,5
Irr¨¦sistible,360g,5
Irr¨¦sistible,20un,5
Irr¨¦sistible,1un,5
Irr¨¦sistible,113g,5
Irr¨¦sistible,10un,5
Irr¨¦sistible,1.13kg,5
Irr¨¦sistible,1.02kg,5
Irr¨¦sistible,,5
Irr¨¦sistible,908g,4
Irr¨¦sistible,907g,4
Irr¨¦sistible,830g,4
Irr¨¦sistible,650ml,4
Irr¨¦sistible,390g,4
Irr¨¦sistible,375ml,4
Irr¨¦sistible,170g,4
Irr¨¦sistible,16x100g,4
Irr¨¦sistible,145g,4
Irr¨¦sistible,1 piece,4
Irr¨¦sistible,852g,3
Irr¨¦sistible,6x1l,3
Irr¨¦sistible,600 g (serves 6),3
Irr¨¦sistible,550g,3
Irr¨¦sistible,475ml,3
Irr¨¦sistible,450g,3
Irr¨¦sistible,440g,3
Irr¨¦sistible,3x90ml,3
Irr¨¦sistible,398ml,3
Irr¨¦sistible,365g,3
Irr¨¦sistible,350g,3
Irr¨¦sistible,336g,3
Irr¨¦sistible,300ml,3
Irr¨¦sistible,270ml,3
Irr¨¦sistible,265g,3
Irr¨¦sistible,255g,3
Irr¨¦sistible,227g,3
Irr¨¦sistible,180g,3
Irr¨¦sistible,125g,3
Irr¨¦sistible,10x88ml,3
Irr¨¦sistible,1.5kg,3
Irr¨¦sistible,925g,2
Irr¨¦sistible,85g,2
Irr¨¦sistible,75g,2
Irr¨¦sistible,6x355ml - cans,2
Irr¨¦sistible,660g,2
Irr¨¦sistible,6 un - 510g,2
Irr¨¦sistible,5x55ml,2
Irr¨¦sistible,55g,2
Irr¨¦sistible,510g,2
Irr¨¦sistible,50g,2
Irr¨¦sistible,48un,2
Irr¨¦sistible,480g,2
Irr¨¦sistible,430ml,2
Irr¨¦sistible,410g,2
Irr¨¦sistible,4 in - 300g,2
Irr¨¦sistible,376g,2
Irr¨¦sistible,368g,2
Irr¨¦sistible,32g,2
Irr¨¦sistible,325ml,2
Irr¨¦sistible,325g,2
Irr¨¦sistible,320g,2
Irr¨¦sistible,30un,2
Irr¨¦sistible,290g,2
Irr¨¦sistible,284g,2
Irr¨¦sistible,270g,2
Irr¨¦sistible,225g,2
Irr¨¦sistible,20g,2
Irr¨¦sistible,2.5l,2
Irr¨¦sistible,130g,2
Irr¨¦sistible,12x100g,2
Irr¨¦sistible,123g,2
Irr¨¦sistible,12 un - 1kg,2
Irr¨¦sistible,10g,2
Irr¨¦sistible,106g,2
Irr¨¦sistible,1.2kg,2
Irr¨¦sistible,Approx. 32 un - 400g,1
Irr¨¦sistible,Approx. 28 un - 455g,1
Irr¨¦sistible,95ml,1
Irr¨¦sistible,900g,1
Irr¨¦sistible,820g,1
Irr¨¦sistible,770g,1
Irr¨¦sistible,750ml,1
Irr¨¦sistible,744g,1
Irr¨¦sistible,72un,1
Irr¨¦sistible,70g,1
Irr¨¦sistible,6x100g,1
Irr¨¦sistible,690ml,1
Irr¨¦sistible,68g,1
Irr¨¦sistible,670g,1
Irr¨¦sistible,650g,1
Irr¨¦sistible,635g,1
Irr¨¦sistible,6 un - 300g,1
Irr¨¦sistible,590g,1
Irr¨¦sistible,57g,1
Irr¨¦sistible,576g,1
Irr¨¦sistible,567g,1
Irr¨¦sistible,560g,1
Irr¨¦sistible,54g,1
Irr¨¦sistible,52g,1
Irr¨¦sistible,520g,1
Irr¨¦sistible,4x67g,1
Irr¨¦sistible,493g,1
Irr¨¦sistible,46ml,1
Irr¨¦sistible,468g,1
Irr¨¦sistible,450ml,1
Irr¨¦sistible,448g,1
Irr¨¦sistible,40g,1
Irr¨¦sistible,4 in - 325g,1
Irr¨¦sistible,3x100ml,1
Irr¨¦sistible,388g,1
Irr¨¦sistible,385g,1
Irr¨¦sistible,367g,1
Irr¨¦sistible,363g,1
Irr¨¦sistible,342g,1
Irr¨¦sistible,312g,1
Irr¨¦sistible,2x126g,1
Irr¨¦sistible,285g,1
Irr¨¦sistible,275g,1
Irr¨¦sistible,264g,1
Irr¨¦sistible,260g,1
Irr¨¦sistible,228g,1
Irr¨¦sistible,226g,1
Irr¨¦sistible,220g,1
Irr¨¦sistible,2.27kg,1
Irr¨¦sistible,1g,1
Irr¨¦sistible,191g,1
Irr¨¦sistible,18un,1
Irr¨¦sistible,17g,1
Irr¨¦sistible,16un,1
Irr¨¦sistible,160g,1
Irr¨¦sistible,158g,1
Irr¨¦sistible,150ml,1
Irr¨¦sistible,13g,1
Irr¨¦sistible,125ml,1
Irr¨¦sistible,120g,1
Irr¨¦sistible,110g,1
Irr¨¦sistible,1.89l,1
Irr¨¦sistible,1.47kg,1
Irr¨¦sistible,1.1kg,1
Irr¨¦sistible,1.08kg,1
Iru,550g,2
Isabelle Huot,4x88g,1
Isabelle Huot,250ml,1
Island Farms,1.65l,2
Island Farms,1.65 Litre,2
Island Farms,Island Farms by Natrel 20% Aerosol Whipped Cream,1
Island Farms,Fudge Tracks1.65 Litre,1
Island Farms,500ml,1
Island Farms,2l,1
Island Farms,250ml,1
Island Farms,225g,1
Island Farms,2 L Jug,1
Island Farms,1l,1
Island Farms,1kg,1
Island Gold,Island Gold Medium White Eggs,1
Island Gold,Island Gold Large White Eggs,1
Island Gold,Island Gold Large Veggie Fed White Eggs,1
Island Gold,Island Gold Large Free Run Omega-3 Brown Eggs,1
Island Gold,Island Gold Jumbo White Eggs,1
Island Gold,Island Gold Extra Large White Eggs,1
Island Gold,Island Gold 6 Pack Large White Eggs,1
Island Gurl,360ml,3
ItalPasta,900g,10
ItalPasta,680g,1
ItalPasta,375g,1
Italpasta,750g,19
Italpasta,900g,12
Italpasta,450g,7
Italpasta,2.27kg,3
Italpasta,500g,2
Italpasta,375g,2
Italpasta,350ml,2
Italpasta,340g,2
Italpasta,225g,2
Italpasta,680g,1
Italpasta,250g,1
Ito En,40g,1
Izidoro,400g,1
I?GO,6 x 93ml,5
I?GO,16 x 100g,5
I?GO,650g,1
I?GO,2kg,1
I?im,550g,1
I?im,250g,1
I?go,16x100g,3
J and J,907g,4
J and J,227g,3
J and J,709ml,2
J and J,454g,2
J and J,170g,2
J and J,368g,1
J and J,325ml,1
J and J,1.37kg,1
J-Basket,3 Portions,2
J. America,J. America Tailgate Hooded Sweatshirt Size up to 3Xl,1
J.L. Kraft,355ml,13
J.L. Kraft Pure,J.L. Kraft Pure ¨C POMEGRANATE ZAATAR 355,1
J.L. Kraft Pure,J.L. Kraft Pure ¨C MISO LIME GINGER 355,1
J.L. Kraft Pure,J.L. Kraft Pure ¨C HONEY & SHALLOTS 355,1
J.L. Kraft Pure,J.L. Kraft Pure ¨C FIG BALSAMIC 355,1
J.L. Kraft Pure,J.L. Kraft Pure ¨C CUCUMBER GREEK 355,1
J.L. Kraft Pure,J.L. Kraft Pure - MOROCCAN LEMON 355,1
J.R. Watkins,82g,1
J.R. Watkins,1ea,1
JACK DANIELS BBQ,JACK DANIELS BBQ J.D. ORG. BBQ SCE,1
JACK DANIELS BBQ,J.D. SWTSPY B SC,1
JACK LINK'S,42g,3
JACK LINK'S,45g,1
JANES ultimates,754g,2
JANES ultimates,710g,2
JASKFLY,End of Season Clearance JASKFlY Home Baking Bee Rice Cake Model Critter Cake Model,1
JASKFLY,End of Season Clearance JASKFLY Ice Candy Food Grade Of BPA,1
JASKFLY,End of Season Clearance JASKFLY Diy Alphabet Number Cake Unique Fondant Shape Cake Fondant,1
JELLICIOUS,Lime Jelly Powder,1
JFC,285g,4
JJ Bean,900 Millilitre,1
JJ Wilk,907g,1
JML,158 g * 5 pk,1
JML,138 g * 5 pk,1
JML Instant Noodle,705g,1
JML Instant Noodle,620g,1
JOLLY RANCHER,182g,12
JOLLY RANCHER,355g,4
JOLLY RANCHER,198g,3
JUST CRACK AN EGG,85g,1
JUST CRACK AN EGG,64g,1
JUST Egg,JUST Egg plant liquid,2
JUST Egg,56.75g,2
JUST Egg,500g,2
JUST Egg,JUST Egg Plant Based liquid Egg,1
JUST Egg,JUST Egg Liquid,1
JUST Egg,227g,1
Jabsons,140g,1
Jack & Jill,200g,4
Jack & Jill,10x30g,4
Jack & Jill,90g,2
Jack & Jill,85g,1
Jack & Jill,55g,1
Jack & Jill,225g,1
Jack & Jill,212g,1
Jack & Jill,175g,1
Jack & the Beanstalk,454g,2
Jack 'n Jill,10/30g,1
Jack Astor's,155ml,1
Jack Astors,155ml,1
Jack Daniel's,473 Millilitre,2
Jack Daniel's,JD Sliced Brisket,1
Jack Daniel's,JD Pulled Pork,1
Jack Daniels,473ml,3
Jack Daniels,454g,3
Jack Daniels,473 Millilitre,1
Jack Daniels,425g,1
Jack Link's,80g,11
Jack Link's,230g,8
Jack Link's,75g,7
Jack Link's,225g,4
Jack Link's,26g,3
Jack Link's,25g,3
Jack Link's,81g,2
Jack Link's,35g,2
Jack Link's,22g,2
Jack Link's,Jack Link's Original 25g,1
Jack Link's,JL TERIYAKI NUGGETS 81G,1
Jack Link's,JL TERIYAKI BEEF JERKY 80G,1
Jack Link's,JL TERIYAKI BEEF JERKY 35G,1
Jack Link's,JL SMK HIC BEEF JERKY 80G,1
Jack Link's,JL S&H BEEF JERKY 80G,1
Jack Link's,JL ORIGINAL NUGGETS 81G,1
Jack Link's,JL ORIGINAL BEEF JERKY 80G,1
Jack Link's,JL ORIGINAL BEEF JERKY 35G,1
Jack Link's,JL ORIG STRIPS 74G,1
Jack Link's,JL JAL BEEF JERKY 80G,1
Jack Link's,JL BACON JERKY 65G,1
Jack Link's,JACK LINK'S SNACKSTICKS ORIGINAL 225G,1
Jack Link's,JACK LINK'S PEPPERED BEEF JERKY 80G,1
Jack Link's,JACK LINK'S BARBEQUE PORK TENDER BITES 81G,1
Jack Link's,JACK LINK'S BARBECUE EXTRA THICK CUT PORK STRIPS 74G,1
Jack Link's,JACK LINK'S 230G SWEET & HOT,1
Jack Link's,JACK LINK'S 225G TURKEY,1
Jack Link's,Hickory Smoked65g,1
Jack Link's,Doritos Sweet Chili Heat75g,1
Jack Link's,74g,1
Jack Link's,65g,1
Jack Link's,1 x 25g,1
Jack Link's,1 x 22g Stick,1
Jack Link's,1 x 22g,1
Jack Links,80g,14
Jack Links,81g,6
Jack Links,75g,6
Jack Links,26g,4
Jack Links,230g,4
Jack Links,74g,3
Jack Links,65g,2
Jack Links,22g,2
Jack Links,1ea,1
Jack Links,150g,1
Jack N' Jill,Net Weight - 90g,1
Jack N' Jill,Net Weight - 225 g (7.94 oz),1
Jack N' Jill,JnJ Piattos Cheese 212g,1
Jack N' Jill,90g,1
Jack N' Jill,200g,1
Jack n' Jill,78g,2
Jack n' Jill,225g,2
Jack n' Jill,212g,2
Jack n' Jill,200g,2
Jack n' Jill,120g,1
Jack' n Jill,170g,1
Jack's Gourmet,Deli Meat,4
Jack's Gourmet,298g,3
Jack's Gourmet,Sweet Italian Sausage - 300g,1
Jack's Gourmet,Hot Italian Sausage C-3032,1
Jack's Gourmet,98g,1
Jacobs,100g,3
Jacobs,Jacobs filter coffee.,1
Jacobs,796ml,1
Jacobs,250g,1
Jaffa,100g,2
Jaffa,77g,1
Jaffa,75g,1
Jaffa,500g,1
Jaffa Crvenka,Jaffa ORANGE,1
Jaffa Crvenka,Jaffa CHERRY,1
Jaffa Crvenka,Delicious biscuits 150g,1
Jaga Foods,500ml,1
Jake Baked,454g,3
Jakeman's,500g,2
Jakeman's,400g,1
Jakeman's,3x50ml,1
Jakeman's,3x100ml,1
Jakeman's,250ml,1
Jakeman's,1l,1
Jakeman's,100ml,1
Jambalaya Rice,800g,1
James Ready,6x473.0ml,1
Janes,700g,20
Janes,710g,9
Janes,600g,7
Janes,450g,7
Janes,720g,6
Janes,580g,5
Janes,540g,5
Janes,660g,3
Janes,5-7 fillets,3
Janes,615g,2
Janes,610g,2
Janes,590g,2
Janes,575g,2
Janes,500g,2
Janes,1.1kg,2
Janes,Janes Ultimates Buffalo Boneless Bites,1
Janes,JANES ultimates TAVERN BATTERED COD FILLETS,1
Janes,JANES ultimates BREADED HADDOCK FILLETS,1
Janes,JANES ultimates BATTERED HADDOCK FILLETS,1
Janes,JANES Pub Style Chicken Strips Family Size,1
Janes,JANES Pub Style Chicken Nuggets Family Size,1
Janes,852g,1
Janes,530g,1
Janes,510g,1
Janes,480g,1
Janes,1un,1
Janes,1.5kg,1
Janes Ultimates,754g,1
Janes Ultimates,710g,1
Japceit,Ear Hanging Hand Brewed Coffee Pot,1
Jardin de nos Mara?chers,4 units per package,1
Jardins Saint-Antoine,750ml,1
Jarlsberg,250g,3
Jarlsberg,450g,2
Jarlsberg,170g,2
Jarlsberg,120g,2
Jarlsberg,1 piece,2
Jarritos,370ml,16
Jarritos,370 Millilitre,6
Jarritos,4X370ml,3
Jarritos,12x370.0ml,1
Jasmine,500g,2
Jasmine Gold,8kg,2
Jasmine Gold,18kg,1
Jason,425g,5
Jason,Jason Plain Panko Bread Crumbs,1
Jason,Jason Gluten Free Plain Panko,1
Jason,Jason Cornflake Crumbs,1
Jason,340g,1
Jason,283g,1
Jason,255g,1
Jason's,887ml,9
Jason's,473ml,8
Jason's,946ml,4
Jason's,517ml,2
Jason's,425g,1
Jason's,283g,1
Java Monster,444ml,4
Jayone,120g,2
Jeff Nathan Creations,Jeff Nathan Creations Jeff Nathan Creations Gluten Free Panko - Panko - Case Of 12 - 14 Oz.,1
Jeff Nathan Creations,GF PANKO CRUMBS,1
Jeff Nathan Creations,E-JEFF NATHAN GF PANKO CRUMBS,1
Jeff Nathan Creations,All natural,1
Jeff Nathan Creations,400g,1
Jell-O,85g,38
Jell-O,99g,12
Jell-O,170g,9
Jell-O,30g,7
Jell-O,135g,7
Jell-O,113g,6
Jell-O,40g,5
Jell-O,153g,5
Jell-O,11.2g,5
Jell-O,10g,5
Jell-O,102g,5
Jell-O,4x99.0g,4
Jell-O,4x89.0g,4
Jell-O,4x106.0g,4
Jell-O,314g,4
Jell-O,10.1g,4
Jell-O,4 Pack,3
Jell-O,10.2g,3
Jell-O,9.1g,2
Jell-O,4x89g,2
Jell-O,4x113.0g,2
Jell-O,4x106g,2
Jell-O,4x 99g,2
Jell-O,4 Cups x 96g,2
Jell-O,4 Cups x 89g,2
Jell-O,10.3g,2
Jell-O,64g,1
Jell-O,4 cups,1
Jell-O,4 Cups x 113g,1
Jell-O,384g,1
Jell-O,32g,1
Jell-O,170G,1
Jell-O,135G,1
Jell-O,128g,1
Jello,150g,1
Jelly Beans,100g,1
Jelly Belly,100g,6
Jelly Belly,198g,3
Jelly Belly,80g,2
Jelly Belly,40g,2
Jelly Belly,28g,2
Jelly Belly,113g,2
Jelly Belly,340g,1
Jelly Belly,255g,1
Jelly Belly,100G,1
Jersey Milk,4un,1
Jersey Milk,100g,1
Jet-Puffed,198g,2
Jiane,Cute Cookie Bag 200pcs Cartoon Cute Candy Cookie Bag 4x4 inch Self Adhesive Treat Bags Cellophane Goody Bags for Kid Party Favor Candy Bags,1
Jicama,600g,1
Jienlioq,Jienlioq Kitchen Supplies Clearance Star Pepper Seasoning Stick Kitchen Black Pepper Seasoning Widget Big Save,1
Jif,1kg,16
Jif,500g,13
Jif,Creamy1kg,1
Jif,375g,1
Jifeng,jifeng Seasoning Jar small,1
Jifeng,jifeng Coffee Cup 200ml Ceramic Coffee Cup Coffee Roasters Espresso Shot Coffee Cup inner white,1
Jifeng,jifeng 2-3 of pack Candy Cane Kids Belly Dance Stick Hanging Decor 3 Pcs,1
Jiffy Pop,127g,5
Jinnoda,Jinnoda Refillable Capsule Coffee 2.0 K-cup Filter Coffeeware for Keurig K-Supreme,1
Joe's Tasty Travels,Sold Exclusively at Walmart,20
Joe's Tasty Travels,350g,16
Joe's Tasty Travels,300g,10
Joe's Tasty Travels,400g,7
Joe's Tasty Travels,275g,7
Joe's Tasty Travels,450g,6
Joe's Tasty Travels,500g,5
Joe's Tasty Travels,250g,5
Joe's Tasty Travels,750g,4
Joe's Tasty Travels,140g,3
Joe's Tasty Travels,700g,2
Joe's Tasty Travels,200g,2
Joe's Tasty Travels,Zesty Ranch Toasted Corn,1
Joe's Tasty Travels,Sold Exlusively at Walmart,1
Joe's Tasty Travels,Sold Exclusively to Walmart,1
Joe's Tasty Travels,Roasted Salted Fava Beans (Soya),1
Joe's Tasty Travels,Medjool Dates Pitted California,1
Joe's Tasty Travels,Jtt Pitted Prunes,1
Joe's Tasty Travels,Jtt Pitless Prunes,1
Joe's Tasty Travels,Joe's Tasty travels ROASTED JUMBO VIRGINIA PEANUTS UNSALTED,1
Joe's Tasty Travels,Joe's Tasty Travels Value Pack Walnut 1/2's & Pieces 650g,1
Joe's Tasty Travels,Joe's Tasty Travels Toasted Corn BBQ 350g,1
Joe's Tasty Travels,Joe's Tasty Travels Super Energy Trail Mix - 350g,1
Joe's Tasty Travels,JTT Yogurt Raisins,1
Joe's Tasty Travels,JTT VP Walnut 1/2's & Pieces 550g,1
Joe's Tasty Travels,JTT Thompson Seedless Raisins 300g,1
Joe's Tasty Travels,JTT Tahitian Paradise Mix 350g,1
Joe's Tasty Travels,JTT Salted Toasted Corn 600g,1
Joe's Tasty Travels,JTT Pecan Halves 200g,1
Joe's Tasty Travels,JTT Peanut Butter filled Pretzels,1
Joe's Tasty Travels,JTT Milk Chocolate Peanuts 275g,1
Joe's Tasty Travels,JTT Milk Choc. Pretzel Bites 275g,1
Joe's Tasty Travels,JTT Hulled Sunflower Seeds Unsalted 500g,1
Joe's Tasty Travels,JTT Flax Seeds,1
Joe's Tasty Travels,JTT Fired up Wasabi Peas 200g,1
Joe's Tasty Travels,JTT Banana Chips 200g,1
Joe's Tasty Travels,Dill Pickle Peanuts Spicy,1
Joe's Tasty Travels,Brazil Nuts,1
Joe's Tasty Travels,Banana Chips,1
Joe's Tasty Travels,908g,1
Joe's Tasty Travels,75g,1
Joe's Tasty Travels,600g,1
Joe's Tasty Travels,375g,1
Joe's Tasty Travels,340g,1
Joe's Tasty Travels,325g,1
John Wm. Macy's,113g,3
Johnny's,354 Millilitre,1
Johnny's,236 Millilitre,1
Johnny's,141g,1
Johnsonville,375g,45
Johnsonville,500g,18
Johnsonville,6 Each,4
Johnsonville,450g,2
Johnsonville,250g,2
Johnsonville,JVL Smoked Bratwurst SSG 375g,1
Johnsonville,JVL Smkd Beef Chddr SSG 375g,1
Johnsonville,JVL Orig Brat SSG (5) 500g,1
Johnsonville,JVL Orig Bkfst SSG Links 375g,1
Johnsonville,JVL Orig Beef Smoked SSG 375g,1
Johnsonville,JVL Mild Ital SSG (5) 500g,1
Johnsonville,JVL Maple Bkfst SSG Links 375g,1
Johnsonville,JVL Hot Ital SSG (5) 500g,1
Johnsonville,JVL Ground SSG Mild Ital 375g,1
Johnsonville,JVL Cheddar Smoked SSG 375g,1
Johnsonville,JVL Brkfst Ssg RNDS (6) 250g,1
Johnsonville,700g,1
Johnvince,800g,4
Johnvince Foods,$20.00/1kg,30
Johnvince Foods,$30.00/1kg,22
Johnvince Foods,$25.00/1kg,22
Johnvince Foods,$15.00/1kg,12
Johnvince Foods,$40.00/1kg,11
Johnvince Foods,300g,10
Johnvince Foods,$3.00/100g,10
Johnvince Foods,$35.00/1kg,9
Johnvince Foods,$2.00/100g,9
Johnvince Foods,$1.50/100g,8
Johnvince Foods,$2.50/100g,6
Johnvince Foods,225g,4
Johnvince Foods,$13.00/1kg,4
Johnvince Foods,49.62g,3
Johnvince Foods,150g,3
Johnvince Foods,130g,3
Johnvince Foods,$3.50/100g,3
Johnvince Foods,250g,2
Johnvince Foods,200g,2
Johnvince Foods,175g,2
Johnvince Foods,$55.00/1kg,2
Johnvince Foods,$4.00/100g,2
Johnvince Foods,$23.00/1kg,2
Johnvince Foods,$1.30/100g,2
Johnvince Foods,49g,1
Johnvince Foods,350g,1
Johnvince Foods,220g,1
Johnvince Foods,180g,1
Johnvince Foods,160g,1
Johnvince Foods,140g,1
Johnvince Foods,100g,1
Johnvince Foods,$79.00/1kg,1
Johnvince Foods,$7.90/100g,1
Johnvince Foods,$54.00/1kg,1
Johnvince Foods,$50.00/1kg,1
Johnvince Foods,$5.40/100g,1
Johnvince Foods,$2.49/100g,1
Johnvince Foods,$17.00/1kg,1
Johnvince Foods,$12.09/100g,1
Jolly Rancher,182g,21
Jolly Rancher,198g,3
Jolly Rancher,355g,2
Jolly Rancher,367g,1
Jolly Rancher,141g,1
Jomara,800g,1
Jones,355ml,8
Jongga,KIMCHI,1
Jordanka,1.5l,1
Jordans,400g,55
Jordans,375g,31
Jordans,325g,12
Jordans,400GR,4
Joseph's,120g,1
Joseph's Nutless Clusters,144g,2
Joseph's Nutless Clusters,120g,2
Jovial,340g,3
Jovial,227g,2
Joy of the mountain,15ml,1
Joy's Kitchen,55g,1
Joy's Kitchen,41g,1
Joyburst,355ml,2
Joyfull Millets,450g,3
Joyya,1 Litre,4
Juanita,822g,1
Jufran,320g,3
Jufran,560g,1
Juhayna,1Ltr,3
Juicee,500g,2
Juicee,700g,1
Juicee,600g,1
Juicy Fruit,18 Pellets,2
Juicy Fruit,15 Sticks,2
Juicy Fruit,60 pellets,1
Juicy Fruit,12 Pellets,1
Jujubes,100g,1
Jules Destrooper,100g,2
Julius,12x355ml,1
Junior,113g,2
Junior Mints,127g,1
Junket,6.5g,1
Jura Flore,200g,1
Jus' Better,550g,5
Jus' Better,650g,3
Jus' Better,750g,1
Jus' Better,600g,1
Jus' Better,525g,1
Jus' Better,500g,1
Jus' Better,475g,1
Jus-Rol,238g,4
Just,355g,1
Just,227g,1
Just About Foods,340g,1
Just Egg,500g,2
Just Egg,227g,1
Just Juice,1l,2
Just Soup,580ml,5
Just Soup,480ml,4
Justharion,Justharion Plastic Replace Every 3 Months For Clean Water Coffee Filter For Best Results Particulate Dust Odor light blue,1
Justin's,40g,5
Justin's,120g,5
Justin's,2ea,2
Justins,40g,1
K Pour Katrine,750g,2
K Pour Katrine,400g,1
K. J.,380g,6
K. J.,450g,1
K.J.,380g,2
KAIYING,Holiday Cheers Gingerbread Candy Cane,1
KAIYING,Christmas Tree Decoration,1
KAMEDA SEIKA,crunchy snack you won't be able to stop eating! Made with a traditional and delicious recipe from one of Japan's oldest manufacturers.,1
KC Candy,100g,1
KD NotCo,170G,2
KEBAB FACTORY,KEBAB FACTORY CHICKEN KEBAB,1
KEG,KEG KEG STEAK SAUCE,1
KEG,KEG KEG CAESAR RIMMER,1
KEG,Cocktail Sauce,1
KEWPIE,517 Millilitre,1
KFI,375ml,11
KFI,455ml,5
KFI,395ml,4
KFI,375 Millilitre,3
KFI,KFI ACHARI MANGO,2
KFI,275g,2
KFI,KFI VEGAN BUTTER CHK,1
KFI,KFI TIKKA MASALA,1
KFI,KFI TANDOORI PASTE,1
KFI,KFI Spicy Butter Chicken 375ml,1
KFI,KFI MILD CURRY,1
KFI,KFI KFI TAMARIND MILD,1
KFI,KFI CORIANDER,1
KFI,KFI Butter Chicken,1
KIKKOMAN BRAND,591ml,2
KIKKOMAN BRAND,296ml,1
KINDER,100g,3
KINDER,Kinder Bueno T55x8 HW,2
KINDER,60g (20gx3),2
KINDER,182g,2
KINDER,Kinder Chocolate T55x8 HW,1
KINDER,KINDER KINDER HIPPO T5,1
KINDER,80g,1
KINDER,40g,1
KINDER,4 pack,1
KINDER,330g,1
KINDER,27 Individually Wrapped Chocolates Per Bag (145g),1
KINDER,20g,1
KINDER,191g,1
KINDER,182G,1
KINDER,129g,1
KINDER,126g,1
KINDER,100g Egg with Halloween Surprise! Shipped product will be either blue or green monster.,1
KINDER,100G,1
KIPPI,Magnetic Coffee Bean Dispenser Coffee Bean Storage Dispenser*4 Transpar` J2S6,1
KIRIN,1.5 Litre,1
KITKAT,120 GR,4
KITKAT,KITKAT POPS Milk Chocolaty Snacks Carton 70g,1
KITKAT,E-KIT KAT KK MILK PS (12X170G),1
KITKAT,E-KIT KAT KK HZLN PS (12X160G),1
KITKAT,E-KIT KAT KK COOKIE DG 15X111G,1
KITKAT,COFFEE CRISP POPS Chocolaty Snacks Carton 70g,1
KITKAT,90 mini bars,1
KITKAT,85g,1
KITKAT,800 GR,1
KITKAT,73g,1
KITKAT,73 GR,1
KITKAT,60g,1
KITKAT,49 GR,1
KITKAT,48?g,1
KITKAT,45 GR,1
KITKAT,400ml,1
KITKAT,40 mini bars,1
KITKAT,4 x 49 G,1
KITKAT,4 x 45 G,1
KITKAT,389g,1
KITKAT,380 GR,1
KITKAT,330ml,1
KITKAT,29g,1
KITKAT,295g,1
KITKAT,180g,1
KITKAT,164,1
KITKAT,159g,1
KITKAT,150g,1
KITKAT,106.2g,1
KITKAT,104g,1
KITKAT,10 x 16 G,1
KITKAT,0.5l,1
KITTEHIGM,Powder Spreading Bot Daily Deals Clearance Deals of Today #29,1
KITTEHIGM,Clearance! Silica Gel Tea Bag Tea Filter Silica Gel Tea Filter Today Deals Todays Deals #62,1
KITTEHIGM,Clearance! Segmented Candy Box Household Nut Box Dried Fruit Box Living Room Snack Box Plastic Fruit Box Snack Box Lighting Deal Unclaimed Pallets #70,1
KITTEHIGM,Clearance! KITTEHIGM Christmas Scented Candle Gift Box Christmas Tree Gingerbread Man Modeling Scented Candle Premium Companion Gift Online Shopping Return Pallets,1
KITTEHIGM,Clearance! Household Round Fruit Snacks Sugar Biscuits Striped Fruit Melon Fruit Deals of The Week Deal ofthe Day #18,1
KITTEHIGM,Clearance! Coffee Cup Filter Screen Double-layer Portable Hand Brewed Coffee Folding Ear Filter Drip Coffee Coffee Cup Lightning Deals Today Tadays Deals #51,1
KITTEHIGM,Clearance! Coffee Cup Filter Screen Double-layer Portable Hand Brewed Coffee Folding Ear Filter Drip Coffee Coffee Cup Deal of The Day Bulk Pallets For Sale #65,1
KITTEHIGM,Clearance! Carton Popsicle Ice Cream Six Popsicle Box Ice Wish List Todays Deals #44,1
KITTEHIGM,Clearance! Candy Box Nut Snack Organizer Melon Dried Fruit Tray With Lid Compartment Double Storage Box Nut And Dried Fruit Organizer Snack Tray For Kitchen And Parties Online Shopping,1
KITTEHIGM,Clearance! Candy Box Nut Snack Organizer Melon Dried Fruit Tray With Lid Compartment Double Storage Box Nut And Dried Fruit Organizer Snack Tray For Kitchen And Parties Clarence Items Today'S Deals,1
KJ,380g,14
KJ,450g,2
KJ,280g,1
KJ FOODS,380 g / pack,5
KJ FOODS,Net Wt.: 380g,1
KLOOYO,Disposable Paper Filter For Reusable Capsule Protect Capsule Keep Block B1R3,1
KLOOYO,Coffee Filter Holder Pour Over Double Layer Steel Dripper Mesh Prof Lot F9 V4W1,1
KML,Candy Cane w/ Lentils,1
KO & C,Garlic Pea,1
KO & C,600g,1
KO & C,280 g (Assorted Bag),1
KO & C,160g,1
KODIAK,Power Cakes Blueberry FJ & Waffle Mix 510g,1
KODIAK,KodiakPower Cakes Chocolate Chip Flapjack & Waffle Mix 510g,1
KODIAK,Kodiak Maple Brown Sugar Oatmeal Packet 6x50g,1
KODIAK,Kodiak Chocolate Chip Oatmeal Packets 6ct,1
KODIAK,Kodiak Cakes 6ct Oatmeal Packets Maple Brown Sugar,1
KODIAK,Kodiak Buttermilk Flapjack and Waffle Mix 567g,1
KODIAK,KODIAK PC CHOCCHIP FJ MIX,1
KODIAK,KODIAK PC BUTTERMILK FJ MIX,1
KODIAK,KODIAK PC BDAYCAKE FJ MIX,1
KODIAK CAKES,313g,2
KODIAK CAKES,300g,2
KODIAK CAKES,Chocolate Chip Flapjacks & Waffle Mix510g,1
KODIAK CAKES,Buttermilk Flapjack & Waffle Mix567g,1
KODIAK CAKES,Birthday Cake Flapjack & Waffle Mix510g,1
KODIAK CAKES,621g,1
KODIAK CAKES,567g,1
KOSA,565g,2
KOSA,540g,2
KOSA,Tapioca Starch,1
KOSA,Kosa UHT Coconut Milk 1000ml,1
KOSA,425g,1
KOSA,300g,1
KOSA,140g,1
Kabocha,Fresh782.5g,1
Kadlawus,Kadlawus Reduced Price Ice Cream Food Grade Home Children's Homemade Ice Cream Refrigerator Popsicle Popsicle Ice Cream Popsicle,1
Kadoya,163ml,3
Kadoya,327ml,2
Kadoya,SESAME SEED BLACK,1
Kaiser,425g,1
Kaiser,1 piece,1
Kalamata,500ml,1
Kalas,750g,2
Kalas,1200g,2
Kalaya,60ml,3
Kalaya,120ml,2
Kalaya,120g,2
Kalaya,400ml,1
Kalaya,250ml,1
Kale,Fresh1 Each,1
Kali¡¯s Indian Cuisine,400g,1
Kam Yen Jan,KYJ CHINESE STYLE SAUSAGE PORK,1
Kam Yen Jan,375g,1
Kameda,100g,1
Kamis,185g,3
Kamut,450g,1
KandJu,160g,2
Kanel,85g,2
Kanel,95g,1
Kanel,80g,1
Kanel,75g,1
Kanel,70g,1
Kanel,60g,1
Kanel,50g,1
Kang Shi Fu,500ml,7
Kang Shi Fu,2l,2
Kang Shi Fu,Spicy Beef Flavor Instant Noodle,1
Kang Shi Fu,Kang Shi Fu Veg Beef,1
Kang Shi Fu,Kang Shi Fu Braised Beef,1
Kang Shi Fu,122g,1
Kang Shi Fu,104g,1
Kang Shi Fu,101g,1
Kangshifu,Braised Beef Flavor Instant Noodle,1
Kara,1l,2
Karachi Bakery,400g,3
Karma,532ml,1
Karymi,karymi Silica Gel Tea Bag Tea Filter Silica Gel Tea Filter Clearance,1
Karymi,karymi 100pcs Empty Teabags String Heat Filter Paper Herb loose Tea Bag Flash Deal,1
Karymi,karymi 100pc Halloween Cookies Nougat Snowflake Crisp Fruit Bag Ghost Party Gift Ziplock Bag Goodie Bag Summer Savings,1
Karymi,karymi 100 Pcs Empty Teabags String Heat Filter Paper Herb Loose Tea Bag Up to 45% off,1
Karymi,Karymi Household Round Fruit Snacks Sugar Biscuits Striped Fruit Melon Fruit Summer Savings Flash Deal Halloween,1
Kaserei,180g,1
Kasha,900g,1
Kashi,175g,24
Kashi,400g,16
Kashi,200g,8
Kashi,345g,6
Kashi,396g,5
Kashi,390g,5
Kashi,10 bars,5
Kashi,5 bars,3
Kashi,300g,3
Kashi,275g,3
Kashi,12 bars,3
Kashi,380g,2
Kashi,370g,2
Kashi,340g,2
Kashi,175 g (5 x 35 g),2
Kashi,10 Each,2
Kashi,Kashi GO Originale Cereale 275GX8,1
Kashi,Dark Mocha Almond,1
Kashi,5 x 35g,1
Kashi,5 Each,1
Kashi,460g,1
Kashi,311g,1
Kashi,269g,1
Kashi Cocoa Cashew Granola 311Gx6,Kashi Cocoa Cashew Granola 311Gx6,1
Kashi Vanilla Almond Granola 340Gx6,Kashi Vanilla Almond Granola 340Gx6,1
Kasih,450g,2
Kasih,900g,1
Kasseler,500g,2
Kasseler,Kasseler Non GMO Verified Cocktail Whole Rye Whole Grain Bread,1
Kasseler,Kasseler Cocktail Pumpernickel Artisan Whole Grain Rye Bread,1
Kasseler,400g,1
Kasseler,250g,1
Kasugai,107g,3
Kasugai,102g,1
Kataria Food Inc.,455ml,3
Katjes,170g,3
Kauai Coffee,Ground283g,1
Kauai Coffee,283g,1
Kaukauna,170g,3
Kawartha,1.5l,74
Kawartha,1l,5
Kawartha,2l,4
Kawartha,4l,2
Kayco,"Ready to Eat
No Refrigeration Necessary
Perfect for Travel
Certified Kosher
No Sodium",1
,,
Kebab Factory,678g,3
Kebab Factory,1.02kg,3
Kebab Factory,910g,2
Kebab Factory,904g,2
Kebab Factory,560g,2
Kebab Factory,1.2kg,2
Kebab Factory,650g,1
Kebapi,1kg,2
Kedem,750ml,15
Kedem,119g,11
Kedem,650ml,9
Kedem,1.89l,9
Kedem,376ml,6
Kedem,240ml,3
Kedem,237ml,3
Kedem,Kedem M- Grape Juice light Concord KPY 1.5l,2
Kedem,680g,2
Kedem,360ml,2
Kedem,25.4 fl. oz.,2
Kedem,170g,2
Kedem,1.5l,2
Kedem,"special occasions or anytime you want a non-alcoholic carbonated natural refreshment.
or flavoring added
and refreshing drink.
Kosher for passover and all year roun",1
,,
Kedem,Sparkling Grape Juice Peach 750ml,1
Kedem,SPARK APPLE CIDER,1
Kedem,L-Grape Juice Light Blush KPY,1
Kedem,Kedem M- Grape Juice Blush KPY 1.5l,1
Kedem,E-ALTRA SPARKLING WHITE GJ,1
Kedem,E-ALTRA SPARKL L CONCORD GJ,1
Kedem,E-ALTRA SPARKL CATAWBA GR JC,1
Kedem,E-ALTRA MINI GRAPE JUICE,1
Kedem,E-ALTRA COOKIES,1
Kedem,946ml,1
Kedem,751ml,1
Kedem,651ml,1
Kedem,500ml,1
Kedem,2l,1
Kedem,1893ml,1
Kedem,179ml,1
Kedem,"100% pure grape juice
or flavoring added
and refreshing drink.
Kosher for passover and all year round!
4 Cups at the Passover",1
,,
Kedem,1.8l,1
Kee Wah,Authentic Kee Wah Mooncakes from Hong Kong,3
Keebler,391g,4
Keebler,260g,4
Keebler,Original391g,1
Keebler,247g,1
Keen,255g,2
Keen,Oat Chocolate Chip270g,1
Keen,Coconut Cocoa255g,1
Keen,Apple Cinnamon255g,1
Keen,270g,1
Keen's,88g,2
Keen's,43g,2
Keen's,100ml,2
Keen's,lg Marinade Hnydijon 350ml,1
Keen's,Original100 Millilitre,1
Keens,88g,4
Keens,100ml,2
Keepw,100 Pieces Canvas Drawstring Bags Filter ColorCanvas Drawstring Solid Color Fine Mesh Reliable Fast Drying Spice Bag for Hold Crafts Tea Leaf 7*9cm,1
Keg Steakhouse & Bar,475ml,4
Keg Steakhouse & Bar,Keg size,1
Keg Steakhouse & Bar,950ml,1
Keg Steakhouse & Bar,750g,1
Keg Steakhouse & Bar,725g,1
Keg Steakhouse & Bar,700g,1
Keg Steakhouse & Bar,355ml,1
Keg Steakhouse & Bar,180g,1
Keg Steakhouse & Bar,168g,1
Keg Steakhouse & Bar,165g,1
Keg Steakhouse & Bar,140g,1
Keg Steakhouse & Bar,1.02kg,1
Kehe Distributors,SAUCE CRANBERRY JEl,2
Kehe Distributors,SOLID W TUNA/WATER,1
Kehe Distributors,SAUCE,1
Kehe Distributors,"Oregano Pizza Sauce 24 oz - Made with Extra Virgin Olive Oil.
Classic Italian pizza sauce is the perfect spreading consistency.
Convenient and easy to use.
Perfect for Oregano Lovers.
Gluten Free.
",1
,,
Kehe Distributors,MATZO,1
Kehe Distributors,Kosher,1
Kehe Distributors,E-GEFEN MED. BARLEY (POLY),1
Kehe Distributors,E-ALTRA SOUP,1
Kehe Distributors,E-ALTRA SAUCE,1
Kehe Distributors,E-ALTRA PEANUT SPREAD CHOCO,1
Kehe Distributors,E-ALTRA MATZO,1
Kehe Distributors,E-ALTRA LT CONCORD GRAPE JC,1
Kehe Distributors,E-ALTRA GRAPE JUICE,1
Kehe Distributors,E-ALTRA CONCORD GRAPE JUICE,1
Kehe Distributors,E-ALTRA CHICKEN CONSOMME MIX,1
Kehe Distributors,E-ALTRA BLUSH GRAPE JUICE,1
Kehe Distributors,"Classic Marinara Sauce 26oz.
and chicken dishes.
Smooth and flavorful authentic marinara sauce.
All Natural.
Gluten Free.
",1
,,
Kehe Distributors,25.4 Fo (Pack of 12),1
Kehe Distributors,16.9 OZ (Pack of 6),1
Kehe Distributors,13.13 OZ (Pack of 6),1
Kehe Distributors,13.125 Oz (Pack of 6),1
Kehe Distributors,"100% pure sparkling grape juice.
or flavoring added
and refreshing drink.
Kosher for passover and all year round!
Kosher certified and produced under the strictist Kosher Laws by Observant Jews.",1
,,
Keiths,6x473.0ml,1
Kellogg's,330g,10
Kellogg's,560g,7
Kellogg's,8 Each,6
Kellogg's,450g,6
Kellogg's,280g,6
Kellogg's,198g,5
Kellogg's,1.2kg,5
Kellogg's,1.15kg,5
Kellogg's,5 bars,4
Kellogg's,435g,4
Kellogg's,425g,4
Kellogg's,340g,4
Kellogg's,8x295g,3
Kellogg's,8 bars,3
Kellogg's,650g,3
Kellogg's,525g,3
Kellogg's,500g,3
Kellogg's,480g,3
Kellogg's,460g,3
Kellogg's,439g,3
Kellogg's,350g,3
Kellogg's,345g,3
Kellogg's,315g,3
Kellogg's,306g,3
Kellogg's,247g,3
Kellogg's,176g,3
Kellogg's,16 Each,3
Kellogg's,10 bars,3
Kellogg's,Honey Favour405g,2
Kellogg's,Family Size650g,2
Kellogg's,8x280g,2
Kellogg's,850g,2
Kellogg's,825g,2
Kellogg's,730g,2
Kellogg's,700g,2
Kellogg's,625g,2
Kellogg's,600g,2
Kellogg's,570g,2
Kellogg's,550g,2
Kellogg's,545g,2
Kellogg's,515g,2
Kellogg's,436g,2
Kellogg's,430g,2
Kellogg's,400g,2
Kellogg's,355g,2
Kellogg's,352g,2
Kellogg's,346g,2
Kellogg's,323g,2
Kellogg's,320g,2
Kellogg's,317g,2
Kellogg's,298g,2
Kellogg's,175g,2
Kellogg's,1.06kg,2
Kellogg's,Strawberry8 Each,1
Kellogg's,Strawberry5 Each,1
Kellogg's,Strawberry125g,1
Kellogg's,Strawberry Milkshake Cereal435g,1
Kellogg's,Strawberry Favour400g,1
Kellogg's,Raspberry8 Each,1
Kellogg's,RX PB CHOCBAR,1
Kellogg's,Original Cereal460g,1
Kellogg's,Mixed Berry8 Each,1
Kellogg's,Milk Chocolate525g,1
Kellogg's,Family Size625g,1
Kellogg's,Family Size580g,1
Kellogg's,Family Size560g,1
Kellogg's,Family Size480g,1
Kellogg's,Cranberries & Almonds5 Each,1
Kellogg's,Cookies & Cream227g,1
Kellogg's,Chocolate Chip Cookie Dough8 Each,1
Kellogg's,Blueberry8 Each,1
Kellogg's,Apple Cinnamon8 Each,1
Kellogg's,8x210g,1
Kellogg's,660g,1
Kellogg's,580g,1
Kellogg's,575g,1
Kellogg's,510g,1
Kellogg's,48 Each,1
Kellogg's,440g,1
Kellogg's,405g,1
Kellogg's,40 Each,1
Kellogg's,383g,1
Kellogg's,360g,1
Kellogg's,343g,1
Kellogg's,30 Each,1
Kellogg's,295g,1
Kellogg's,227g,1
Kellogg's,210g,1
Kellogg's,16x560g,1
Kellogg's,168g,1
Kellogg's,1.68kg,1
Kellogg's Krave,Brownie flavour,1
Kellogg's Krave,525g,1
Kellogg's Nutri-Grain,8 bars,5
Kellogg's Rice Krispies,8 bars,2
Kellogg's Rice Krispies,Spring Edition,1
Kellogg's Rice Krispies,RKT ORIG BARS 16CT 352GMX6,1
Kellogg's Rice Krispies,RKT CHOC CHIP BARS 198GMX6,1
Kellogg's Rice Krispies,560G,1
Kellogg's Rice Krispies,40 x 440g,1
Kellogg's Rice Krispies,340G,1
Kellogg's Rice Krispies,30 bars,1
Kelloggs,280g,16
Kelloggs,560g,13
Kelloggs,384g,12
Kelloggs,330g,10
Kelloggs,295g,9
Kelloggs,176g,9
Kelloggs,340g,8
Kelloggs,435g,6
Kelloggs,400g,6
Kelloggs,260g,6
Kelloggs,525g,5
Kelloggs,650g,4
Kelloggs,550g,4
Kelloggs,500g,4
Kelloggs,425g,4
Kelloggs,320g,4
Kelloggs,306g,4
Kelloggs,270g,4
Kelloggs,208g,4
Kelloggs,198g,4
Kelloggs,165g,4
Kelloggs,125g,4
Kelloggs,480g,3
Kelloggs,460g,3
Kelloggs,450g,3
Kelloggs,439g,3
Kelloggs,345g,3
Kelloggs,247g,3
Kelloggs,850g,2
Kelloggs,825g,2
Kelloggs,660g,2
Kelloggs,625g,2
Kelloggs,600g,2
Kelloggs,580g,2
Kelloggs,576g,2
Kelloggs,575g,2
Kelloggs,570g,2
Kelloggs,545g,2
Kelloggs,515g,2
Kelloggs,440g,2
Kelloggs,436g,2
Kelloggs,430g,2
Kelloggs,405g,2
Kelloggs,383g,2
Kelloggs,355g,2
Kelloggs,346g,2
Kelloggs,323g,2
Kelloggs,315g,2
Kelloggs,227g,2
Kelloggs,212.91g,2
Kelloggs,210g,2
Kelloggs,12x52.0g,2
Kelloggs,1.68kg,2
Kelloggs,1.15kg,2
Kelloggs,1.06kg,2
Kelloggs,8 Each,1
Kelloggs,700g,1
Kelloggs,52g,1
Kelloggs,510g,1
Kelloggs,451g,1
Kelloggs,352g,1
Kelloggs,350g,1
Kelloggs,317g,1
Kelloggs,298g,1
Kelloggs,1200g,1
Kelseys original roadhouse,600g,1
Kemen Noodles,1kg,2
Ken's,Sweet and Spicy BBQ Sauce,1
Ken's,425ml,1
Ken¡¯s Foods,SBR BBQ Sauce Honey 425ml,1
Ken¡¯s Foods,425ml,1
Kernels,110g,15
Kernels,125g,3
Kernels,100g,2
Kernels,Sliced100g,1
Kernels,Kernels gift pack,1
Kerr,Kerr Wintergreen Mints 500g,1
Kerr,Kerr Ginger Drops 200g,1
Kerr,Kerr English Mints 200g,1
Kerr's,Assorted340g,1
Kerr's,50 Each,1
Kerr's,400g,1
Kerr's,380g,1
Kerr's Candy,500g,2
Kerr's Candy,400g,2
Kerr's Candy,Kerrs Slush Pops 840g/130ct,1
Kerr's Candy,E-KERRS KERRS BUTTERSCOTCH,1
Kerr's Candy,380G,1
Kerr's Candy,340g,1
Kerrs,90g,2
Kerrs,150g,2
Kerrs,COCONUT MILK TOFFEE,1
Kerrs,840g,1
Kerrygold,200g,5
Kerrygold,198g,3
Kerrygold,1 piece,1
Ketlle Brand,198g,1
Kettle,198g,23
Kettle,454ml,6
Kettle,56g,4
Kettle,368g,3
Kettle,156g,2
Kettle,Salt & VinegarSnack Size56g,1
Kettle,Honey DijonSnack Size56g,1
Kettle,CheddarSnack Size56g,1
Kettle,Bulk100g,1
Kettle Brand,198g,18
Kettle Brand,Party Size368g,3
Kettle Brand,156g,3
Kettle Brand,Sea Salt & Vinegar198g,2
Kettle Brand,Sliced100g,1
Kettle Brand,Kettle Yoghurt,1
Kettle Brand,Kettle Truffle Oil,1
Kettle Brand,Kettle Dill Pickle,1
Kettle Brand,Kettle Chips Honey Dijon,1
Kettle Brand,Kettle Air Fried Salt & Vinegar,1
Kettle Brand,Kettle Air Fried Himalayan,1
Kettle Brand,Honey Dijon198g,1
Kettle Brand,Classic156g,1
Kettle Brand,113g,1
Keurig,12ea,4
Kevita,450ml,9
Kewpie,355ml,2
Kewpie,Kewpie Mayonnaise is a popular Japanese mayo,1
Kewpie,237ml,1
Kewpie,236ml,1
Keynafeh,Knafeh with Cheese 200g,1
Khaas,750g,12
Khaas,450g,1
Kharkiv,180g,2
Kharkiv,265g,1
Kicking Horse,454g,54
Kicking Horse,284g,30
Kicking Horse,10un,6
Kicking Horse,850g,4
Kicking Horse,10ea,3
Kicking Horse,24un,2
Kicking Horse,24 Each,1
Kicking Horse Coffee,10 Each,2
Kicking Horse? Coffee,454 g - Whole Bean Coffee,5
Kicking Horse? Coffee,284 g - Ground Coffee,5
Kicking horse,454g,11
Kicking horse,284g,4
Kicking horse,850g,1
Kicking horse,24 Each,1
Kidstar,60ea,2
Kidstar,90ea,1
Kidstar,52ml,1
Kidstar,30ml,1
Kidstar,250ml,1
Kidstar,120ea,1
Kii Naturals,120g,3
Kii Naturals,150g,1
Kiju,1l,18
Kiju,4x200.0ml,12
Kiju,4 x 200ml,4
Kiju,1?l,3
Kiju,4x200ml,2
Kiju,200ml,1
Kiju,1 Litre,1
Kikkoman,296ml,12
Kikkoman,227g,11
Kikkoman,591ml,8
Kikkoman,296 Millilitre,8
Kikkoman,148ml,5
Kikkoman,591 Millilitre,3
Kikkoman,500ml,3
Kikkoman,290 Millilitre,3
Kikkoman,285ml,3
Kikkoman,148 Millilitre,3
Kikkoman,30g,2
Kikkoman,295ml,2
Kikkoman,290ml,2
Kikkoman,38g,1
Kikkoman,3 x 10g,1
Kikkoman,3 x 10 g Packs,1
Kikkoman,283g,1
Kikkoman,28.3g,1
Kikkoman,1.89l,1
Kikkoman,1.2l,1
Kilkenny,4x500.0ml,1
Kim Lam,300g,2
Kim Lam,1l,2
Kim Lam,400g,1
Kim Lam,227g,1
Kim Lam,180g,1
Kimberley's,383g,1
Kimberley's,284g,1
Kimberley's,10 Each,1
Kimberley's Bakeshoppe,383g,25
Kimberley's Bakeshoppe,267g,5
Kimberley's Bakeshoppe,284g,4
Kimberley's Bakeshoppe,Quantity ¨C 383 grams,3
Kimberley's Bakeshoppe,255g,3
Kimberley's Bakeshoppe,Volume/Quantity - 383g,2
Kimberley's Bakeshoppe,Quantity ¨C 689 grams,2
Kimberley's Bakeshoppe,624 g total,2
Kimberley's Bakeshoppe,315g,2
Kimberley's Bakeshoppe,Weight - 383g,1
Kimberley's Bakeshoppe,S'mores Frosted Sugar Cookies,1
Kimberley's Bakeshoppe,Quantity ¨C 383g,1
Kimberley's Bakeshoppe,Quantity - 383g/10 Count,1
Kimberley's Bakeshoppe,Kimberly¡¯s Bakeshoppe? Strawberry Frosted Sugar Cookies,1
Kimberley's Bakeshoppe,Kimberley¡¯s Bakeshoppe? Spring Vanilla and Blue Frosted Sugar Cookies,1
Kimberley's Bakeshoppe,Kimberley¡¯s Bakeshoppe Vanilla & Chocolate Cupcakes,1
Kimberley's Bakeshoppe,Kimberley¡¯s Bakeshoppe Holiday Shaped Frosted Sugar Cookies,1
Kimberley's Bakeshoppe,"Kimberley¡¯s Bakeshoppe
Maple Frosted Sugar Cookies",1
,,
Kimberley's Bakeshoppe,Kimberley's Bakeshoppe? Trolls Frosted Cookies,1
Kimberley's Bakeshoppe,689g,1
Kimberley's Bakeshoppe,383 g total,1
Kimberley's Bakeshoppe,369 g total,1
Kimberley's Bakeshoppe,332 g total,1
Kimberley's Bakeshoppe,325 g total,1
Kimberley's Bakeshoppe,318g,1
Kimberley's Bakeshoppe,318 g total,1
Kimberley's Bakeshoppe,314 g total,1
Kimberley's Bakeshoppe,283g,1
Kimberleys,383g,1
Kimberleys,284g,1
Kimbo,10un,4
Kimbo,250g,3
Kimbo,40un,2
Kimbo,1kg,1
Kind,40g,32
Kind,50g,16
Kind,200g,12
Kind,35g,7
Kind,12x40g,7
Kind,113g,6
Kind,312g,4
Kind,210g,4
Kind,5x35g,3
Kind,4x50g,2
Kind,175g,2
Kind,12x50g,2
Kind,12x40.0g,2
Kind,10x21g,2
Kind,21g,1
Kind Bar,200g,4
Kind Bar,Dipped Clusters,3
Kind Bar,40g bar,3
Kind Bar,50g bar,2
Kind Bar,5 x 35 g bars,2
Kind Bar,40g x 12 x 6,2
Kind Bar,4 x 50g,2
Kind Bar,10 x 20 g bar,2
Kind Bar,KIND Thins Almond Caramel & Sea Salt,1
Kind Bar,KIND Granola Dark Chocolate,1
Kind Bar,KIND Fuel Dark Chocolate Nut 4pk,1
Kind Bar,KIND Fuel Crunchy Peanut Butter 4pk,1
Kind Bar,Breakfast Bar,1
Kind Bar,5 x 40g - 200g,1
Kind Bar,5 x 35g,1
Kind Bar,5 - 12 oz (35g) bars,1
Kind Bar,4 x 40g,1
Kind Bar,312g Packet,1
Kind Bar,312g,1
Kind Bar,312G,1
Kind bar,12x40.0g,13
Kind bar,312g,5
Kind bar,12x50.0g,3
Kinder,100g,10
Kinder,182g,8
Kinder,330g,6
Kinder,297g,6
Kinder,20g,6
Kinder,60g,4
Kinder,39g,4
Kinder,167g,4
Kinder,150g,4
Kinder,96g,3
Kinder,43g,3
Kinder,8x330g,2
Kinder,80g,2
Kinder,184g,2
Kinder,145g,2
Kinder,129g,2
Kinder,116g,2
Kinder,113g,2
Kinder,Pink3 Each,1
Kinder,Pink20g,1
Kinder,Milk Chocolate- Milky Filling,1
Kinder,Milk Chocolate with Hazelnut,1
Kinder,Kinder Milk Chocolate,1
Kinder,97g,1
Kinder,90g,1
Kinder,6x21g,1
Kinder,6 Each,1
Kinder,55 Each,1
Kinder,3 Each,1
Kinder,21g,1
Kinder,2 Bars Per Pack (43g),1
Kinder,126g,1
Kinder,1 Each,1
Kinder Bueno,43g,2
Kinder Bueno,3x43g,1
Kinder Bueno,145g,1
Kinder Surprise,20g,2
Kinder Surprise,20 grams,2
Kinder Surprise,3x20g,1
Kineret,453g,2
King Cole,400g,3
King Cole,300g,2
King Cole,280g,2
King Cole,$35.25/1kg $15.99/1lb,2
King Cole,97 g (30 tea bags),1
King Cole,697g (216 tea bags),1
King Cole,30ea,1
King Cole,288g (120 tea bags).,1
King Cole,1kg,1
King Cole,194g (60 tea bags),1
King Cole,194g,1
King Cole,$49.58/1kg $22.50/1lb,1
King Cole,$48.48/1kg $22.00/1lb,1
King Cole,$44.07/1kg $20.00/1lb,1
King Cole,$30.84/1kg $13.99/1lb,1
King Cole,$21.58/1kg $9.79/1lb,1
King Cole,$17.62/1kg $7.99/1lb,1
King David,510g,1
King David,485g,1
King David,440g,1
King David Gourmet,540g,1
King David Gourmet,510g,1
King David Gourmet,485g,1
King David Gourmet,440g,1
King Oscar,115g,1
King's Hawaiian,Original Hawaiian Sweet,2
King's Hawaiian,340g,2
King's Hawaiian,12 Savory Butter Rolls,1
Kings,4 Each,1
Kings Hawaiian,12 Each,1
Kingsford,454g,1
Kingway,375g,1
Kinnikinnick,6 Each,2
Kinnikinnick,270g,2
Kinnikinnick,220g,2
Kinnikinnick,354g,1
Kinnikinnick,320g,1
Kinnikinnick,300g,1
Kinnikinnick,180g,1
Kiri,150g,2
Kiri,144g,2
Kirin,1.5l,1
Kisko,480ml,2
Kisko,12x40ml,2
Kisko,40x150.0ml,1
Kisko,40 Each,1
Kisko,27 Each,1
Kisko,1188ml,1
Kisko Kids,18x 20ml,1
Kiss My Face,473ml,1
Kiss My Face,236ml,1
Kissel Cabbage,1.2kg,1
Kit Kat,800g,1
Kit Kat,41g,1
Kit Kat,233g,1
Kit Kat,112g,1
KitKat,90g,1
KitKat,42g,1
KitKat,170g,1
KitKat,160g,1
Kitchen 88,K88 WHITE RICE,1
Kitchen 88,K88 JASMINE RICE,1
Kitchen 88,K88 BASMATI RICE,1
Kitchen Bouquet,114ml,2
Kitchen Bouquet,114 Millilitre,1
Kitchens of India,270ml,4
Kitchens of India,100g,4
Kitchens of India,280ml,3
Kitchens of India,335ml,2
Kitchens of India,280g,2
Kitchens of India,270g,2
Kitov,128g,2
Kitov,284g,1
Kitov,198g,1
Kitov,142g,1
Kivotos,500g,1
Klein,198g,6
Klein,170g,2
Klein,397g,1
Klein,340g,1
Klein,285g,1
Klein,227g,1
Klein,113g,1
Klein's Naturals,170g,1
Kleins,198g,5
Kleins,285g,2
Kleins,283g,2
Kleins,113g,1
Klife,944ml,2
Klife,454ml,1
Klik,75g,3
Klik,85g,2
Klik,100g,2
Knead To Bake,1.2kg,1
Knead To Bake,",1.8 kg.4 Each",1
Knifun,long Service life Emergency Water Jug Bags 5Pcs Repeatable Removal Freezing For Party For Home 15l,1
Knifun,large Capacity Corrosion Resistance Iced Drink For Home Restaurant Cold Beverages Coffee Silver 1.5l,1
Knight's,70g,1
Knorr,250ml,20
Knorr,1un,17
Knorr,150g,17
Knorr,73g,16
Knorr,72g,14
Knorr,133g,11
Knorr,69g,10
Knorr,80g,9
Knorr,160g,8
Knorr,63g,7
Knorr,134g,7
Knorr,83g,6
Knorr,126g,6
Knorr,124g,6
Knorr,71g,5
Knorr,56g,5
Knorr,40g,5
Knorr,26g,5
Knorr,125g,5
Knorr,121g,5
Knorr,66g,4
Knorr,30g,4
Knorr,16un,4
Knorr,153g,4
Knorr,137g,4
Knorr,130g,4
Knorr,77g,3
Knorr,73g Rice Cup,3
Knorr,60g,3
Knorr,6 Each,3
Knorr,52g,3
Knorr,37g,3
Knorr,250g,3
Knorr,175g,3
Knorr,16 Each,3
Knorr,136g,3
Knorr,135g,3
Knorr,133 g Side Dish,3
Knorr,132g,3
Knorr,131g,3
Knorr,120g,3
Knorr,113g,3
Knorr,$3.47/73GR,3
Knorr,Onion & Garlic645 Millilitre,2
Knorr,69 g Bouillon Cubes,2
Knorr,645 Millilitre,2
Knorr,55g,2
Knorr,34g,2
Knorr,32g,2
Knorr,250 Millilitre,2
Knorr,22g,2
Knorr,1kg,2
Knorr,162g,2
Knorr,143g,2
Knorr,134 g Side Dish,2
Knorr,126 g Side Dish,2
Knorr,124 g Side Dish,2
Knorr,Zero Salt Roasted Garlic160g,1
Knorr,Zero Salt Chicken160g,1
Knorr,Zero Salt Beef160g,1
Knorr,Low Salt16 Each,1
Knorr,Knoor Beef flavor cubes 8/80g,1
Knorr,E-KNORR KNORR MANCHU SCE MIX,1
Knorr,Chicken flavor cubes 8/80g,1
Knorr,Beef In A Mug225g,1
Knorr,70g,1
Knorr,63 g Bouillon Cubes,1
Knorr,4un,1
Knorr,44g,1
Knorr,2un,1
Knorr,250ml Concentrated Liquid Stock,1
Knorr,250ml Concentrated Liquid,1
Knorr,250 g Instant Thickener,1
Knorr,227g,1
Knorr,225g,1
Knorr,17g,1
Knorr,175 g Instant Stock Mix,1
Knorr,167g,1
Knorr,167 g Side Dish,1
Knorr,162 g Side Dish,1
Knorr,153 g Rice & Vermicelli Side Dish,1
Knorr,152g,1
Knorr,150 g Side Dish,1
Knorr,150 g Instant Stock Mix,1
Knorr,143 g Pasta Side Dish,1
Knorr,137 g Pasta Side Dish,1
Knorr,136 g Side Dish,1
Knorr,135 g Side Dish,1
Knorr,130 g Side Dish,1
Knorr,120 g Side Dish,1
Knorr,113 g Soup Mix,1
Knorr,1.75 Litre,1
Knorr Sidekicks,133g,3
Knorr Sidekicks,167g,1
Knorr Sidekicks,162g,1
Knorr Sidekicks,143g,1
Knorr Sidekicks,136g,1
Knorr Sidekicks,134g,1
Knorr Sidekicks,126g,1
Knorr Sidekicks,124g,1
Knorr Sidekicks,120g,1
Knorr_EN,$6.47/160G,1
Knorr_en,$6.47/160G,2
Knox,28g,4
Knox,84g,2
Knox,4x7g,1
Knudsen,946ml,8
Knudsen,750ml,4
Knudsen,946 Millilitre,1
Koala,Bulk100g,3
Koala,100g,3
Koala,Assorted100g,1
Koala,200g,1
Kohinoor,4.545kg,2
Kohinoor,3.63kg,2
Kohinoor,Kohinoor Whole Wheat Chakki Atta,1
Kohinoor,Kohinoor Brown Basmati Rice,1
Kohinoor,375g,1
Kohlrabi,450g,1
Kokuho,907g,2
Kokuho,2kg,2
Kokuho,2.26kg,2
Kokuho,1kg,1
Kokuho Rose,907g,1
Kokuho Rose,2kg,1
Kokuho Rose,1kg,1
Kokuho Rose,10kg,1
Kokuho rose,2.26kg,1
Kol Yam,454g,13
Kolson,60g,2
Konscious,210g,8
Konscious,204g,7
Konscious,293g,2
Kontos,397g,4
Koochikoo,60g,2
Kool Aid,48 Millilitre,5
Kool Aid,10x180ml,4
Kool Aid,33g,2
Kool Aid,10 Each,2
Kool Aid,8 Each,1
Kool Aid,200 Millilitre,1
Kool Aid,1 Litre,1
Kool-Aid,48ml,19
Kool-Aid,10x180.0ml,9
Kool-Aid,10 x 180ml Pouches,5
Kool-Aid,Kool Aid flavoured gummies,2
Kool-Aid,2kg,2
Kool-Aid,Kool Aid Popping Candy,1
Kool-Aid,36g,1
Kool-Aid,1800ml,1
Kopiko,120g,4
Kopiko,900g,2
Kopiko,825g,2
Kopiko,Kopiko Coffee Candy Original,1
Kopiko,30 x 27.5g,1
Kosa,400g,11
Kosa,425g,8
Kosa,400ml,5
Kosa,540g,4
Kosa,1000ml,4
Kosa,36g,3
Kosa,70g,2
Kosa,520ml,2
Kosa,500ml,2
Kosa,490ml,2
Kosa,260g,2
Kosa,140g,2
Kosa,830g,1
Kosa,75g,1
Kosa,300g,1
Kosa,165ml,1
Kosa,105g,1
Kosher Mehadrin,375g,9
Kosher Mehadrin,340g,2
Kosher Mehadrin,$52.89/1kg $24.00/1lb,2
Kosher Mehadrin,750g,1
Kosher Mehadrin,125g,1
Kosher Mehadrin,$88.16/1kg $40.00/1lb,1
Kosher Mehadrin,$66.12/1kg $30.00/1lb,1
Kosher Mehadrin,$59.50/1kg $27.00/1lb,1
Kosher Mehadrin,$52.91/1kg $24.01/1lb,1
Kosher Mehadrin,$51.79/1kg $23.50/1lb,1
Kosher Mehadrin,$50.68/1kg $22.99/1lb,1
Kosher Mehadrin,$48.48/1kg $22.00/1lb,1
Kosher Mehadrin,$47.82/1kg $21.70/1lb,1
Kosher Mehadrin,$46.28/1kg $21.00/1lb,1
Kosher Mehadrin,$12.10/1kg $5.49/1lb,1
Kosher Taste,680g,2
Kosher Taste,454g,1
Kosher Taste,453g,1
Kosher Taste,340g,1
Kosmea,20ml,1
Kosmea,10ml,1
Koukla Delights,150g,3
Kozecal,Easy To Operate Stainless Steel Coffee Maker Pot For Camping 50ml,1
Kozel,500ml,1
Kozlik's,250ml,7
Kozy Shack,624g,17
Kozy Shack,6x113.0g,4
Kozy Shack,6x113g,3
Kozy Shack,4x113.0g,3
Kozy Shack,678g,2
Kozy Shack,6 Each,2
Kozy Shack,4 x 113g snack cups,2
Kozy Shack,624?g,1
Kozy Shack,4x113g,1
KrackCorn,GLUTEN FREE,2
Kraft,425ml,97
Kraft,425 Millilitre,26
Kraft,455ml,21
Kraft,355ml,21
Kraft,1kg,21
Kraft,340g,20
Kraft,750g,17
Kraft,410g,17
Kraft,725g,16
Kraft,175g,16
Kraft,200g,14
Kraft,58g,13
Kraft,450g,13
Kraft,500g,12
Kraft,250g,12
Kraft,2kg,11
Kraft,390g,10
Kraft,890ml,9
Kraft,900g,8
Kraft,825g,7
Kraft,142g,7
Kraft,400g,6
Kraft,225g,6
Kraft,1l,6
Kraft,170g,6
Kraft,650 Millilitre,5
Kraft,475ml,5
Kraft,475 Millilitre,5
Kraft,156g,5
Kraft,850g,4
Kraft,650ml,4
Kraft,455 Millilitre,4
Kraft,152g,4
Kraft,120g,4
Kraft,890 Millilitre,3
Kraft,375g,3
Kraft,350g,3
Kraft,269g,3
Kraft,160g,3
Kraft,150g,3
Kraft,Parmesan500g,2
Kraft,KRAFT FAT FREE ITALIAN DRESSING 425,2
Kraft,785g,2
Kraft,48ml,2
Kraft,300g,2
Kraft,198g,2
Kraft,141g,2
Kraft,125g,2
Kraft,1.5l,2
Kraft,0.2kg,2
Kraft,0.141kg,2
Kraft,Xtra Tingly Sauce249 Millilitre,1
Kraft,Unicorns156g,1
Kraft,Parmesan250g,1
Kraft,Parmesan125g,1
Kraft,Parmesan Light250g,1
Kraft,Original443 Millilitre,1
Kraft,Net weight: 42g,1
Kraft,Miniature Marshmallows,1
Kraft,Marshmallow,1
Kraft,Low Sodium120g,1
Kraft,Light2 kg Jar2kg,1
Kraft,KRAFT ZESTY ITALIAN DRESSING 425,1
Kraft,KRAFT THREE CHEESE RANCH DRE 425,1
Kraft,KRAFT THOUSAND ISLAND DRESSING 425,1
Kraft,KRAFT RANCHER'S CHOICE DRESSING 425,1
Kraft,KRAFT RANCH W BACON DRESSING 425,1
Kraft,KRAFT PEPPERCORN RANCH DRE 425,1
Kraft,KRAFT GOLDEN ITALIAN DRESSING 425,1
Kraft,KRAFT FRENCH DRESSING 425,1
Kraft,KRAFT CREAMY CUCUMBER DRESSING 425,1
Kraft,KRAFT CREAMY CAESAR DRESSING 425,1
Kraft,KRAFT COLESLAW DRESSING 425,1
Kraft,KRAFT CATALINA DRESSING 425,1
Kraft,KRAFT CAESAR W BACON DRESSING 425,1
Kraft,KRAFT C-WISE POPPYSEED DRESSING 425,1
Kraft,KRAFT BALSAMIC VIN DRESSING 425,1
Kraft,KRAFT ASIAN SESAME DRESSING 425,1
Kraft,KR SUNDRIED TOM & OREG DRE 425,1
Kraft,KR GREEK FETA & OREGANO DRE 425,1
Kraft,KR CREAMY POPPYSEED DRE 425,1
Kraft,KR C-WISE RANCHER'S CHOICE DRE 425,1
Kraft,KR C-WISE GK FETA & OREGANO DRE 425,1
Kraft,KR C-WISE BALSAMIC VIN DRESSING 425,1
Kraft,Certo Liquid,1
Kraft,875g,1
Kraft,730g,1
Kraft,57g,1
Kraft,500 g Jar500g,1
Kraft,455ml Bottle455 Millilitre,1
Kraft,42g,1
Kraft,425g,1
Kraft,42.5g,1
Kraft,4 Each,1
Kraft,325 Millilitre,1
Kraft,30un,1
Kraft,283g,1
Kraft,2400g,1
Kraft,227g,1
Kraft,2 kg Jar2kg,1
Kraft,140g,1
Kraft,136g,1
Kraft,12 Each,1
Kraft,1000g,1
Kraft,1.5 Litre,1
Kraft,1 Litre,1
Kraft,1 L Tub1 Litre,1
Kraft,1,1
Kraft,",200g",1
Kraft Dinner,175g,15
Kraft Dinner,58g,8
Kraft Dinner,156g,7
Kraft Dinner,340g,6
Kraft Dinner,170g,6
Kraft Dinner,200g,3
Kraft Dinner,150g,3
Kraft Dinner,5x200g,2
Kraft Dinner,4x58g,2
Kraft Dinner,12x200g,2
Kraft Dinner,Kraft Dinner Deluxe Bacon Garlic 340G,1
Kraft Dinner,KRAFT DINNER KD CUP 3-CHEESE,1
Kraft Dinner,350g,1
Kraft Dinner,200g x 12,1
Kraft Dinner,200G,1
Kraft Dinner,1un,1
Kraft Dinner,170G,1
Kraft Dinner,156G,1
Kraft Singles,22 Slices,2
Kraft Singles,44 Slices,1
Kraft Singles,28 Slices,1
Kraft Singles,26 Slices,1
Kraft Singles,14 Slices,1
Krakus,135g,7
Krakus,160g,3
Kras,187g,2
Kras,420g,1
Kras,358g,1
Kras,300g,1
Kras,204g,1
Krave,525g,1
Kretschmer,340g,1
Krinos,200g,16
Krinos,1kg,8
Krinos,400g,6
Krinos,840g,4
Krinos,454g,3
Krinos,1 piece,3
Krinos,700g,2
Krinos,500ml,2
Krinos,250g,2
Krinos,6x140.0g,1
Krinos,550g,1
Krinos,3kg,1
Krinos,170g,1
Krinos,150g,1
Krinos,110g,1
Krinos,$39.90/1kg,1
Krinos,,1
Krisda,454g,3
Krisda,285g,2
Krisda,100g,2
Krispy Kernels,275g,2
Krispy Kreme,30ea,2
Krispy Kreme,Box of 30 K-Cup? pods,1
Kriti Gold,750ml,4
Kriti Gold,500ml,1
Kriti Gold,2l,1
Krokus,900g,1
Krokus,454g,1
Krokus,1 lb,1
Kronenbourg,6x330.0ml,2
Kronenbourg,6x500.0ml,1
Kronenbourg,4x500.0ml,1
Kronenbourg 1664,8 Each,1
Kronenbourg 1664,6x330ml,1
Kronenbourg 1664,6 Each,1
Kronenbourg 1664,32g,1
Kuchen Meister,350g,1
Kuchenmeister,750g,3
Kuhne,750ml,4
Kuhne,720ml,3
Kuhne,250ml,3
Kuhne,Salad,2
Kuhne,Pickles,2
Kuhne,796ml,2
Kuhne,375ml,2
Kuhne,Red Cabbage w/Apple,1
Kuhne,Mustard,1
Kuhne,KUHN DILL PICKLES,1
Kuhne,Dressing,1
Kuhne,Beets,1
Kuhne,796 Millilitre,1
Kuhne,250 Millilitre,1
Kuhne,1l,1
Kung Fu,KUNG FU PREMIUM SOY SAUCE,1
Kung Fu,1l,1
Kurkure,115g,7
Kurtz Orchards,250ml,13
Kurtz Orchards,252g,2
Kurtz Orchards,125ml,2
Kurtz Orchards,780g,1
Kvuzat Yavne,540g,3
Kvuzat Yavne,650g,2
Kvuzat Yavne,580ml,2
Kvuzat Yavne,1.25l,2
Kvuzat Yavne,580g,1
Kvuzat Yavne,330g,1
Kvuzat Yavne,300g,1
Kvuzat Yavne,265g,1
Kvuzat Yavne,230g,1
Kyolic,90ea,1
K?serei Champignon,1 piece,2
K¨¦vy,250g,1
K¨¹hne,796ml,1
K¨¹hne,720ml,1
K¨¹hne,500ml,1
L'Anc¨ºtre,200g,4
L'Anc¨ºtre,250g,2
L'Anc¨ºtre,160g,1
L'Extra,300g,1
L'Extra,170g,1
L'Extra,$47.90/1kg $21.73/1lb,1
L'Extra,$47.90/1kg,1
L'Extra,$4.79/100g $47.90/1kg,1
L'Extra,$4.79/100g $21.73/1lb,1
L'Extra,$37.90/1kg $17.20/1lb,1
L'Extra,$34.90/1kg $15.83/1lb,1
L'Extra,$34.90/1kg,1
L'Extra,$33.53/1kg $15.21/1lb,1
L'Extra,$3.79/100g $17.20/1lb,1
L'Extra,$3.49/100g $34.90/1kg,1
L'Extra,$3.49/100g $15.83/1lb,1
L'Extra,$3.35/100g $15.21/1lb,1
L'Extra,$29.90/1kg,1
L'Extra,$2.99/100g $29.90/1kg,1
L'Extra,170g,1
L'Or¨¦al Paris,1un,1
L'ail de l'?le,100g,1
L.Fortin,1 per tray,2
L.Fortin,,1
LA,170g,5
LA FOURNEE DOREE,500g,4
LA FOURNEE DOREE,480g,2
LA FOURNEE DOREE,385g,2
LA FOURNEE DOREE,350g,2
LA FOURNEE DOREE,200g,2
LA FOURNEE DOREE,16x385.0g,2
LA FOURNEE DOREE,240g,1
LA IDA,350g,3
LA IDA,300g,2
LA IDA,370g,1
LA IDA,360g,1
LA PETITE BRETONNE,400g,1
LA PETITE BRETONNE,350g,1
LA PETITE BRETONNE,140g,1
LA TORTILLA FACTORY,LA TORTILLA FACTORY POWER GREEN WRAP,1
LA TORTILLA FACTORY,396G,1
LA TORTILLA FACTORY,328G,1
LA TORTILLA FACTORY,320 g total,1
LA TORTILLA FACTORY,200G,1
LACTANCIA,lACTANCIA BEA SKIM 2l,1
LACTANCIA,lACTANCIA BEA HOMO 1l,1
LACTANCIA,lACTANCIA BEA 2% 2l,1
LACTANCIA,lACT UlTRAPUR 3.25% 1.5l,1
LADIGASU,100 Pcs Empty Teabags String Heat Filter Paper Herb Loose Tea Bag,1
LAITERIE OUTAOUAIS,LAITERIE OUTAOUAIS 1% MILK,2
LAITERIE OUTAOUAIS,LAITERIE OUTAOUAIS HOMO MILK,1
LAITERIE OUTAOUAIS,LAITERIE OUTAOUAIS CHOCOLATE MILK,1
LAITERIE OUTAOUAIS,LAITERIE OUTAOUAIS 2% MILK,1
LAITERIE OUTAOUAIS,LAITERIE OUTAOUAIS 0% MILK,1
LAKUB,Stackable Ice Trays with Lids,1
LARABAR,720g,6
LARABAR,768g,2
LARABAR,440g,2
LARABAR,240g,2
LARABAR,225g,2
LARABAR,16 x 45 g Bars,1
LAY'S XL MC,Lay's Tomato Tango,1
LAY'S XL MC,Lay's Hot 'N' Sweet Chilli,1
LAY'S XL MC,LAY'S MAGIC MASALA,1
LAY'S XL MC,LAY'S CUCUMBER,1
LAY'S XL MC,LAY'S CRM & ONION,1
LAY'S XL MC,LAY'S CHICK&TOM,1
LEE KUM KEE,510g,1
LEE KUM KEE,500 Millilitre,1
LEE KUM KEE,445 Millilitre,1
LEE KUM KEE,443 Millilitre,1
LEE KUM KEE,213g,1
LEVANTINE FLAVOURS,Falafel Balls,1
LEVANTINE FLAVOURS,450g,1
LIFESAVERS,150g,2
LIFESAVERS,10 Each,2
LIFESAVERS,1ea,1
LIFT BAR,95ml,2
LIGHTHOUSE,16g,1
LILYDALE,Original100g,2
LILYDALE,375g,2
LILYDALE,Sweet Mesquite100g,1
LILYDALE,Sun Dried Tomato100g,1
LILYDALE,Smoked100g,1
LILYDALE,Oven Roasted100g,1
LILYDALE,Honey Maple100g,1
LILYDALE,Fresh375g,1
LINDOR,150g Bag,5
LINDOR,36g,3
LINDOR,156g,3
LINDOR,100g Chocolate Tablets,3
LINDOR,240g Large Bag,2
LINDOR,120g,2
LINDOR,LINDOR MAPLE 150G,1
LINDOR,LINDOR HLWEENmlK WT GHST 150G,1
LINDOR,LINDOR HLWEENmlK PMPKN 150G,1
LINDOR,LINDOR BIRTHDAY CAKE 150G,1
LINDOR,25g,1
LINDOR,100g,1
LION & GLOBE,100g x 5,1
LIPA,520ml,1
LIVIVA,400g,9
LIVIVA,200g,6
LOCK CITY,LOCK CITY BUTTER,1
LOCK CITY,Fresh Local Lock City Butter,1
LONG PHUNG,PORK ROLL ORG,1
LONG PHUNG,PORK ROLL GARLIC,1
LOVIVER,LOVIVER 300 Pcs Time-saving Garment Colored Blank Hanger Size Marker - Personalized Your Dark Green,1
LSLJS,Home Accessories on Clearance,1
LUCKYY,Reusable Popsicle Holder With Slotted Popsicle,1
LX,360g (6pc),1
La Anita,118ml,2
La Anita,1l,1
La Anita,110g,1
La Baguetterie,800g,4
La Baguetterie,454g,3
La Baguetterie,450g,3
La Baguetterie,398g,3
La Baguetterie,326g,3
La Baguetterie,600g,2
La Baguetterie,400g,2
La Baguetterie,260g,2
La Baguetterie,400 g total,1
La Baguetterie,260 g total,1
La Baleine,750g,3
La Bella Italiana,35g,1
La Bomba Italiana,314ml,1
La Boucanerie,85g,2
La Boucanerie,300g,2
La Brioch,La Brioch Crustless Whole Wheat Bread 300g,1
La Brioch,La Brioch Crustless White Bread 300g,1
La Briut,200g,2
La Cage,550g,17
La Cage,Jalapeno & Lime chicken wings,1
La Cage,BBQ Chicken wings,1
La Cage,750g,1
La Cage,565g,1
La Chaudi¨¨re,340g,4
La Chaudi¨¨re,50g,1
La Chaudi¨¨re,500g,1
La Chaudi¨¨re,200g,1
La Cocina,400g,2
La Cocina,360g,2
La Cocina,300g,2
La Cocina,240g,1
La Cosentina,350g,1
La Costena,455ml,8
La Costena,453g,6
La Costena,546ml,4
La Costena,200ml,3
La Costena,477ml,2
La Costena,408ml,2
La Costena,330ml,2
La Costena,255g,2
La Costena,230g,2
La Costena,191ml,2
La Costena,186ml,2
La Costena,794g,1
La Costena,408g,1
La Costena,380ml,1
La Costena,343ml,1
La Costena,327ml,1
La Costena,215ml,1
La Costena,214ml,1
La Costena,193ml,1
La Coste?a,546ml,2
La Coste?a,528ml,2
La Coste?a,455ml,2
La Coste?a,TAQUERA SAUCE,1
La Coste?a,RED MOLE,1
La Coste?a,DICES CHIPOTLE PEPPERS,1
La Coste?a,477ml,1
La Coste?a,330ml,1
La Coste?a,215ml,1
La Coste?a,200ml,1
La Coste?a,191ml,1
La Coste?a,186ml,1
La Coste?a,138ml,1
La Croix,8x355ml,10
La Croix,355ml,3
La Diva,283g,1
La Diva Bio,284g,1
La Fabrique Essentielle,1un,3
La Fe,908g,1
La Fe,400g,1
La Fernandi¨¨re,375g,7
La Fernandi¨¨re,675g,3
La Fourn¨¦e Dor¨¦e,400g,2
La Fourn¨¦e Dor¨¦e,4 un - 200g,2
La Fourn¨¦e Dor¨¦e,Sesame Brioche Burger Buns,1
La Fourn¨¦e Dor¨¦e,Pancakes wrapped (5 x 2),1
La Fourn¨¦e Dor¨¦e,Milk Rolls Brioche Buns,1
La Fourn¨¦e Dor¨¦e,La Fourn¨¦e Dor¨¦e Chinois Brioche with Vanilla Cream,1
La Fourn¨¦e Dor¨¦e,LFD Sliced Brioche,1
La Fourn¨¦e Dor¨¦e,LFD Butter Brioche Loaf,1
La Fourn¨¦e Dor¨¦e,Hot dog buns (8 x 48g),1
La Fourn¨¦e Dor¨¦e,Brioche Christmas Tree with pastry cream and chocolate chips,1
La Fourn¨¦e Dor¨¦e,Brioche Buns Mini Rolls,1
La Fourn¨¦e Dor¨¦e,8un,1
La Fourn¨¦e Dor¨¦e,6un,1
La Fourn¨¦e Dor¨¦e,500g,1
La Fourn¨¦e Dor¨¦e,4un,1
La Fourn¨¦e Dor¨¦e,400 g total,1
La Fourn¨¦e Dor¨¦e,4 pk - 200g,1
La Fourn¨¦e Dor¨¦e,4 Croissants Buns x 75g,1
La Fourn¨¦e Dor¨¦e,360g,1
La Fourn¨¦e Dor¨¦e,340 g total,1
La Fourn¨¦e Dor¨¦e,250g,1
La Fourn¨¦e Dor¨¦e,12 un - 480g,1
La Fourn¨¦e Dor¨¦e,10 brioche rolls,1
La Lueseria,200g,1
La Maison du Gibier,200g,2
La Maison du Gibier,900ml,1
La Milanaise,1kg,2
La Milanaise,5kg,1
La Milanaise,500?g,1
La Milanaise,500g,1
La Molisana,250g,1
La Molisana,230g,1
La Molisana,210g,1
La Morena,440g,2
La Morena,372g,2
La Morena,La Morena Refried Black Beans,1
La Morena,La Morena Refried Bayo Beans,1
La Morena,230g,1
La Nonna,380g,1
La Panzanella,170g,13
La Petite Bretonne,350g,7
La Petite Bretonne,400g,2
La Petite Bretonne,400g Mini Choco buns,1
La Petite Bretonne,350g Micro Croissants,1
La Petite Bretonne,340g,1
La Petite Bretonne,320g Chocolate buns,1
La Petite Bretonne,280g madeleines,1
La Petite Bretonne,280g,1
La Petite Bretonne,255g,1
La Pimenterie,240ml,1
La Pimenterie,148ml,1
La Poche Bleue,190g,1
La Poche Bleue,170g,1
La Potag¨¨re,1l,3
La Presserie,213ml,5
La Rocca,600g,6
La Rocca,1kg,2
La Rocca,960g,1
La Rocca,85g,1
La Rocca,800g,1
La Rocca,640g,1
La Rocca,450g,1
La Rocca,1300g,1
La Rocca,1.8kg,1
La Rocca,1.5kg,1
La Rocca,1.4kg,1
La Saltena,550g,2
La Tortilla Factory,396g,3
La Tortilla Factory,496g,1
La Tourangelle,147ml,2
La Tourangelle,750ml,1
La Vache qui rit,Spreadable Cheese 8P,1
La Victoria,794g,1
La Victoria,296 Millilitre,1
La Vida Vegan,270g,3
La Vista,85g,2
La Vista,396.8g,1
La Vista,170g,1
La Vista,145g,1
La Vista,140g,1
La cocina,La Cocina Fiesta Flavoured Tortilla Chips,1
La cocina,E-LA COCINA LA COCINA ORIG,1
La cuisine ¨¤ Christine,350g,3
La cuisine ¨¤ Christine,325g,3
La fourmi,510g,2
La fourmi,283g,2
La fourmi,808g,1
La petite Bretonne,6un,1
LaCroix,Pork fondue,1
LaCroix,Chicken fondue,1
LaCroix,Beef fondue,1
Labatt Blue,473ml,2
Labatt Blue,6x473.0ml,1
Labont¨¦,725g,1
Labont¨¦,225g,1
Labymos,Labymos 3pcs/set Reusable Coffee Capsule for Nespreso Machine Set of 3 Coffee Filters with Spoon,1
Lac Brome,550g,1
Laceys,Lacey¡¯s Macadamia & Milk Chocolate Cookies,1
Laceys,510g,1
Lacroix,500g,6
Lacroix,350g,6
Lacroix,450g,3
Lacroix,900g,1
Lacroix,750g,1
Lacroix,700g,1
Lacroix,6x400.0g,1
Lacroix,480g,1
Lacroix,400g,1
Lacroix,320g,1
Lacroix Beverage,8x355.0ml,8
Lacroix Beverage,355ml,2
Lactaid,454g,1
Lactaid,453g,1
Lactania,1 Each,1
Lactantia,1.5l,44
Lactantia,454g,25
Lactantia,2l,23
Lactantia,1l,16
Lactantia,125g,16
Lactantia,473ml,12
Lactantia,250g,10
Lactantia,4l,8
Lactantia,4x113.5g,7
Lactantia,850g,6
Lactantia,427g,6
Lactantia,227g,4
Lactantia,1.5lt,3
Lactantia,4x113.0g,2
Lactantia,454?g,2
Lactantia,error,1
Lactantia,Rich and Creamy,1
Lactantia,Bea Milk Skim 1l,1
Lactantia,Bea Milk 1% 1l,1
Lactantia,Bea Choc Milk 2l,1
Lactantia,Bea 2% Milk 1l,1
Lactantia,Bea 1% Milk Jug 2l,1
Lactantia,Bea 1% Milk 2l,1
Lactantia,BEA 2% JUG 2l,1
Lactantia,6x237ml,1
Lactantia,460ml,1
Lactantia,2lt,1
Lactantia,200g,1
Lactantia,113.5g,1
Lactantia,1.28kg,1
Lady Choice,470ml,3
Laegsmetg,Ideal f¨¹r Gym Fitness B¨¹ro Heim,1
Lafernandiere,Volume Quantity: 375g,2
Lafernandiere,European sausages 375g,1
Lafernandiere,Dinner sausages 375g,1
Lafleur,450g,4
Lafleur,375g,4
Lafleur,90g,3
Lafleur,500g,3
Lafleur,Volume Quantity : 375g,2
Lafleur,675g,2
Lafleur,550g,2
Lafleur,1kg,2
Lafleur,65g,1
Lafleur,225g,1
Lafleur,10 sausages - 375g,1
Lafleur,,1
Lagabi¨¨re,473ml,1
Lagniappe,85g,2
Laker,473ml,2
Lakewood,946ml,30
Lakewood,370ml,2
Lakewood Juices,1kg,1
Lal Qilla,4.54kg,3
Lam's,113g,1
Lambert,500ml,3
Lamontagne,170g,1
Lancia,750g,11
Lancia,375g,4
Lancia?,340g,1
Langgg,Langgg Flower Pattern Rotating Candy Box Wedding Favor Box Divided Dried Fruit Plate Snacks Sunflower Seed Container,1
Langgg,Langgg Birthday cake with card balloons,1
Langgg,15x20cm,1
Langnese,375g,3
Lantana,283g,3
Lantana,500 g total,1
Lantic,1kg,8
Lantic,900g,4
Lantic,2kg,4
Lantic,500g,2
Lantic,170g,2
Lantic,450g,1
Lantic,220g,1
Lao BeiJing,Plain drinkable yogurt,1
Lao BeiJing,Original plain yogurt,1
Lao Gan Ma,340g,2
Lao Gan Ma,LAO GAN MA TOFU IN HOT O,1
Lao Gan Ma,LAO GAN MA CHI IN OIL W PNT,1
Lao Gan Ma,E-AL PREMIUM SPICY CHILLI CRISP,1
Lao Gan Ma,280G,1
Lapids Choice,78g,4
Larabar,45g,17
Larabar,48g,10
Larabar,16x48.0g,8
Larabar,16x45.0g,7
Larabar,225g,4
Larabar,240g,2
Larsen,375g,1
Las Mexicanas,250g,1
Las Mexicanas,250 Millilitre,1
Las Mexicanas,118 Millilitre,1
Las Mexicanas,1 Each,1
Laughing Cow,133g,1
Laura Secord,485g,4
Laura Secord,2x90g,4
Laura Secord,600g,2
Laura Secord,12un,2
Laura Secord,12 Each,2
Laura Secord,LS BUCKET SET,1
Laura Secord,LAURA SECORD LS MINI EGGS/PLUSH,1
Laura Secord,E-LAURA SECORD LS JAMS 6PK BOX,1
Laura Secord,Box of 12 K-Cup? pods,1
Laura Secord,966g,1
Laura Secord,85g,1
Laura Secord,650g,1
Laura Secord,48 Millilitre,1
Laura Secord,450g,1
Laura Secord,425g,1
Laura Secord,400g,1
Laura Secord,3x120ml Laura Secord cone cream sugar,1
Laura Secord,385g,1
Laura Secord,300g,1
Laura Secord,2x100g,1
Laura Secord,210g,1
Laura Secord,12 K-Cup? Pods,1
Laura Secord,1 Each,1
Laurena,60g,4
Laurieri,175g,3
Laurieri,150g,2
Lavazza,340g,22
Lavazza,250g,17
Lavazza,1kg,13
Lavazza,300g,8
Lavazza,55g,7
Lavazza,30un,5
Lavazza,10un,5
Lavazza,345g,3
Lavazza,30 Count,3
Lavazza,Medium Roast Crema e Gusto12 Each,2
Lavazza,Medium Roast Qualita Rossa57g,1
Lavazza,LZ ROSSA NCC,1
Lavazza,LZ RISTRETTO NCC,1
Lavazza,LZ ORO NCC,1
Lavazza,LZ LUNGO NCC,1
Lavazza,LZ DEK NCC,1
Lavazza,LZ CREMA E GUSTO NCC,1
Lavazza,E-LAVAZZA LZ ROSSA 340GR WB,1
Lavazza,E-LAVAZZA LVZ ROSSA GRND,1
Lavazza,E-LAVAZZA LAVAZZA ORO BEANS,1
Lavazza,E-LAVAZZA LAVAZZA CG BRICK,1
Lavazza,8 Each,1
Lavazza,48 Millilitre,1
Lavazza,32g,1
Lavazza,250g tin,1
Lavazza,250g Ground Espresso Brick,1
Lavazza,227g tin,1
Lavazza,227g,1
Lawry's,450g,3
Lawrys,225g,2
Lay's,235g,60
Lay's,220g,34
Lay's,66g,26
Lay's,165g,19
Lay's,130g,14
Lay's,640g,8
Lay's,177g,8
Lay's,415g,6
Lay's,155g,5
Lay's,220 g.,3
Lay's,16 Each,3
Lay's,163g,2
Lay's,Wavy Salt & Vinegar - Family Size220g,1
Lay's,Wavy Original Lightly Salted - Family Size235g,1
Lay's,Wavy Original Halloween Treat Bags Pack40 Each,1
Lay's,Wavy Original - Value Size415g,1
Lay's,Wavy Cheddar & Sour Cream - Family Size220g,1
Lay's,Tomato Tango165g,1
Lay's,Tikka Masala Chips220g,1
Lay's,Sweet Chili Heat! - Family Size220g,1
Lay's,Sour Cream & Onion - Family Size235g,1
Lay's,Sour Cream & Chives130g,1
Lay's,Smokey Bacon - Family Size235g,1
Lay's,Sea Salt - Family Size130g,1
Lay's,Sea Salt & Pepper - Family Size235g,1
Lay's,Old Fashioned Ketchup - Family Size235g,1
Lay's,Magic Masala165g,1
Lay's,Ketchup - Family Size235g,1
Lay's,Jerk Chicken220g,1
Lay's,Hot 'n' Sweet Chilli165g,1
Lay's,Dill Pickle - Family Size235g,1
Lay's,Classic66g,1
Lay's,Classic - Value Size415g,1
Lay's,Classic - Halloween Treat Bags Pack40 Each,1
Lay's,Bar-B-Q - Family Size235g,1
Lay's,All Dressed - Family Size235g,1
Lay's,141g,1
Lay's.,640 g.,1
Lays,Wavy Original - Family Size235g,1
Lays,Salt & Vinegar - Family Size235g,1
Lays,Classic - Family Size235g,1
Lay?s,165 g.,2
Lay?s,640 g.,1
Lazar,$42.97/1kg $19.50/1lb,4
Lazar,708g,3
Lazar,907g,2
Lazar,$44.07/1kg $20.00/1lb,2
Lazar,$39.66/1kg $17.99/1lb,2
Lazar,$35.25/1kg $15.99/1lb,2
Lazar,708x708.0g,1
Lazar,454g,1
Lazar,400g,1
Lazar,350g,1
Lazar,2.27kg,1
Lazar,$79.34/1kg $36.00/1lb,1
Lazar,$67.88/1kg $30.80/1lb,1
Lazar,$65.01/1kg $29.50/1lb,1
Lazar,$62.81/1kg $28.50/1lb,1
Lazar,$59.50/1kg $27.00/1lb,1
Lazar,$55.09/1kg $25.00/1lb,1
Lazar,$46.27/1kg $20.99/1lb,1
Lazar,$43.85/1kg $19.90/1lb,1
Lazar,$40.76/1kg $18.49/1lb,1
Lazar,$37.46/1kg $17.00/1lb,1
Lazar,$30.84/1kg $13.99/1lb,1
Lazar,$28.64/1kg $12.99/1lb,1
Lazar,$149.89/1kg $68.01/1lb,1
Lazeez,1l,4
Lazeez,1.5l,3
Lazeez,400g,2
Laziza,TANDOORI/BBQ MASALA,1
Laziza,Karahi Fry Meat Spice Mix,1
Le Bosquet,Mini Croissant Chocolate,1
Le Bosquet,Le Bosquet Mini Croissant Chocolate 150g,1
Le Bosquet,Brioches Chocolate Filled 5pk,1
Le Bosquet,Biscuits Choc Chip Butter,1
Le B¨¦douin,200g,2
Le B¨¦douin,250g,1
Le Fromage au Village,160g,1
Le Glacier Bilboquet,500ml,3
Le Gourmet,70g,1
Le Grec,350ml,12
Le Grec,800g,1
Le Grec,775g,1
Le Grec,730g,1
Le Grec,650ml,1
Le Gruyere,200g,1
Le Monde Est Scone,400g,2
Le Monde Est Scone,16x25g,1
Le Pain des Fleurs,150g,2
Le Petit Mas,190ml,1
Le Phare du Cap Bon,70g,1
Le Rustique,250g,2
Le Saunier de Camargue,125g,1
Le Sieur,398ml,1
Le Superbe,195g,2
Le Superbe,100g,1
Le Veneziane,250ml,2
Le Veneziane,SPAGHETTI PASTA,1
Le Veneziane,E-AURORA SPAGHETTI PASTA,1
Le Veneziane,E-AURORA LE VENEZIANE SPAGHET,1
Le miel d'?milie,375g,1
Lea & Perrins,284ml,3
Lea & Perrins,142ml,2
Lea & Perrins,Net content: 142ml,1
Lea & Perrins,568ml,1
Lea & Perrins,284 Millilitre,1
Lea & Perrins,142 Millilitre,1
Lea & Perrins?,Net content: 142ml,1
Lea & Perrins?,284ml,1
Leadbetter's,375g,2
Leadbetter's,275g,2
Leah's Bakery,240g,3
Leah's Bakery,270g,1
Leanfit,381g,1
Leanfit,253g,1
Lebeau,454g,2
Lebre,1kg,1
Lebus,"LeBus 8"" Hero Hoagie Roll - 60/Case",1
Lebus,"LeBus 4"" x 4"" Plain Square Ciabatta Roll - 72/Case",1
Lebus,"LeBus 4"" Deli Onion Brioche Sandwich Roll - 72/Case",1
Lebus,"LeBus 4"" Brioche Sandwich Roll - 72/Case",1
Lebus,"LeBus 4 1/4"" Sliced Country White Hamburger Sandwich Roll - 72/Case",1
Lech,500ml,1
Leclerc,240g,50
Leclerc,175g,32
Leclerc,280g,12
Leclerc,300g,8
Leclerc,140g,8
Leclerc,5x28g,6
Leclerc,275g,6
Leclerc,160g,6
Leclerc,325g,3
Leclerc,Milk Chocolate240g,2
Leclerc,Vanilla240g,1
Leclerc,Raspberry Truffle240g,1
Leclerc,Mint Truffle240g,1
Leclerc,E-LECLERC TRAD.OAT.CHOC.CHIP,1
Leclerc,E-LECLERC COOK.TRAD.STRAWBERRY,1
Leclerc,Dark Chocolate240g,1
Leclerc,Dark Chocolate 45% Cocoa240g,1
Leclerc,Caramel Truffle240g,1
Leclerc,Cappuccino Truffle240g,1
Leclerc,666g,1
Leclerc,525g,1
Leclerc,350g,1
Leclerc,223g,1
Leclerc,180g,1
Lee Kum Kee,500ml,11
Lee Kum Kee,445ml,9
Lee Kum Kee,368g,8
Lee Kum Kee,443ml,6
Lee Kum Kee,410ml,6
Lee Kum Kee,207ml,5
Lee Kum Kee,150ml,4
Lee Kum Kee,510g,3
Lee Kum Kee,435ml,3
Lee Kum Kee,297ml,3
Lee Kum Kee,907g,2
Lee Kum Kee,510ml,2
Lee Kum Kee,326g,2
Lee Kum Kee,320ml,2
Lee Kum Kee,282ml,2
Lee Kum Kee,205g,2
Lee Kum Kee,13 oz,2
Lee Kum Kee,1.9l,2
Lee Kum Kee,or creating sauces and dips for all kinds of food.,1
Lee Kum Kee,lEE KUM KEE HOT CHIlI OIl,1
Lee Kum Kee,Lee Kum Kee Chicken Powder 1kg,1
Lee Kum Kee,LEE KUM KEESESOND SOY SAUCE,1
Lee Kum Kee,LEE KUM KEE MINCEDGARLIC,1
Lee Kum Kee,LEE KUM KEE CHILI GARLIC SAUCE,1
Lee Kum Kee,LEE KUM KEE - PREMIUM DARK SOY SAUCE,1
Lee Kum Kee,7.2 fl oz-1 Count,1
Lee Kum Kee,64 oz,1
Lee Kum Kee,60ml,1
Lee Kum Kee,510G,1
Lee Kum Kee,50ml,1
Lee Kum Kee,443.6ml,1
Lee Kum Kee,436ml,1
Lee Kum Kee,40ml,1
Lee Kum Kee,398ml,1
Lee Kum Kee,306ml,1
Lee Kum Kee,2.26kg,1
Lee Kum Kee,1kg,1
Lee Kum Kee,18 oz,1
Lee Kum Kee,18 Oz,1
Lee Kum Kee,16.9 fl oz,1
Lee Kum Kee,16.9 Oz - $0.24/Oz,1
Lee Kum Kee,15 Oz (Pack of 12),1
Lee Kum Kee,14 oz,1
Lee Kum Kee,14 fl oz,1
Lee Kum Kee,14 Oz,1
Lee Kum Kee,1 KG,1
Leeks,192.5g,1
Leese,Spiderman Pop Ups! Jumbo Egg,1
Leese,Paw Patrol Mini Cookie Kits,1
Leese,Easter Candy Boxes,1
Leese,99g,1
Leese,55 count bag,1
Leese,45g,1
Leese,30g,1
Left Coast,Raw Organic100g,1
Legacy,440g,2
Legacy,880g,1
Legacy,800g,1
Legacy,300g,1
Legacy,200g,1
Legacy,1 per tray,1
Legal Sea Foods,283g,1
Legal Sea Foods,220g,1
Leghs,720 Millilitre,1
Legurme,Zesty Garden Grain Bowl,1
Legurme,Spicy Garden Grain Bowl,1
Legurme,Red Kidney Beans in Spicy Sauce,1
Legurme,Pasta with Tomato Sauce,1
Legurme,Pasta with Pesto Sauce,1
Legurme,Pasta with Mushroom Sauce,1
Legurme,Legurme Pasta Arrabbiata,1
Legurme,Honey Garden Grain Bowl,1
Legurme,Borlotti Beans in Tomato Sauce,1
Lemon Aide,750ml,3
Lemon Aide,1l,1
Lemon Aide,1.5l,1
Lemon Square,350g,2
Lemon Square,10 x 30G (300g),1
Lemon Tree,125ml,1
Len Xiang,Net Wt. 400g,2
Len Xiang,360g,1
Lenny & Larry's,113.4g,1
Lentils,Bulk100g,2
Lepoque,540ml,1
Lepoque,375ml,1
Les Aliments Mer et Monde,300g,4
Les Caprices d'Antan,300ml,1
Les Cocottes,750ml,2
Les Petites Fermieres,170g,3
Les Zamis,25ml | Multiple Flavours,1
Les cultures du large,18un,1
Lesley Stowe,150g,7
Lesley Stowe,Wild Bluberry Almond150g,1
Lesley Stowe's,150g,8
Leslie,Clover Chips Cheese 145g,1
Leslie's,Clover Chips BBQ,1
Leslie's Clover,160g,2
Lesser Evil,142g,4
Lesser Evil,140g,2
LesserEvil,Lesser Evil - Buddha Bowl Organic Popcorn Himalayan Pink - 5 oz.,1
Lesters,450g,4
Lesters,375g,1
Let's Do Organic,198g,1
Lettuce,Fresh1 Each,3
Lettuce,3 Each,2
Lettuce,Hot HouseFresh1 Each,1
Lettuce,Cello1 Each,1
Levitts,500g,1
LiOR,Lior Kitchen Salt 4lb Box,1
LiOR,LIOR Kosher salt 1.81kg,1
LiOR,Kosher salt,1
LiOR,4lb Box,1
Libby's,398ml,1
Liberte,650g,28
Liberte,750g,27
Liberte,500g,23
Liberte,4x100.0g,15
Liberte,1000g,8
Liberte,1kg,6
Liberte,900g,5
Liberte,1000ml,5
Liberte,4l,4
Liberte,1l,4
Liberte,2x130.0g,2
Liberte,260g,2
Liberte,1.6kg,2
Liberte,",500g.500g",2
Liberte,Strawberry1 Litre,1
Liberte,Strawberry Banana % M.F.650g,1
Liberte,Raspberry Cherry650g,1
Liberte,Raspberry 5% M.F.4 Each,1
Liberte,Plain1 Litre,1
Liberte,Mango1 Litre,1
Liberte,Coconut 2% M.F750g,1
Liberte,750 Millilitre,1
Liberte,400g,1
Liberte,4 Each,1
Liberte,2 Each,1
Liberte,0% M.F.750g,1
Liberty Gold,Mackerel in Tomato sauce,1
Liberty Gold,425g,1
Libert¨¦,500g,25
Libert¨¦,650g,24
Libert¨¦,750g,19
Libert¨¦,1l,15
Libert¨¦,4x100g,10
Libert¨¦,4 x 100g,4
Libert¨¦,900g,3
Libert¨¦,2x130g,3
Libert¨¦,1kg,3
Libert¨¦,400g,2
Libert¨¦,2 x 130g,2
Libert¨¦,4 ct,1
Libra,355ml,1
Libra,335ml,1
Licorice,Bulk100g,1
Lido Capri,200g,2
Lido Capri,Gasp¨¦sien Sliced Mock Chicken,1
Lido Capri,Gasp¨¦sien Sliced Cooked Ham,1
Liebers,454g,8
Liebers,740g,6
Liebers,400g,6
Liebers,425g,5
Liebers,85g,4
Liebers,450g,4
Liebers,340g,4
Liebers,12g,4
Liebers,77g,3
Liebers,312g,3
Liebers,1ea,3
Liebers,84g,2
Liebers,567g,2
Liebers,397g,2
Liebers,368g,2
Liebers,28g,2
Liebers,1l,2
Liebers,170g,2
Liebers,963ml,1
Liebers,90g,1
Liebers,907ml,1
Liebers,907g,1
Liebers,822g,1
Liebers,80g,1
Liebers,794g,1
Liebers,790g,1
Liebers,709g,1
Liebers,680g,1
Liebers,64g,1
Liebers,57g,1
Liebers,4x200.0ml,1
Liebers,473ml,1
Liebers,406g,1
Liebers,36g,1
Liebers,369g,1
Liebers,338g,1
Liebers,312ml,1
Liebers,30g,1
Liebers,283g,1
Liebers,280g,1
Liebers,227g,1
Liebers,198g,1
Liebers,142g,1
Liebers,1.89l,1
Liebers,1.4g,1
Liebers,1.3kg,1
Life,450g,1
Life Brand,60ea,4
Life Savers,150g,3
Life Savers,411g,2
Life Savers,6 Rolls X 32g,1
Life Savers,10 x 65ml,1
Life Savers,1.16kg,1
Life Smart,450g,18
Life Smart,300g,17
Life Smart,500g,15
Life Smart,454g,14
Life Smart,398ml,14
Life Smart,250ml,11
Life Smart,1 per tray,11
Life Smart,400g,10
Life Smart,200g,8
Life Smart,12un,8
Life Smart,946ml,7
Life Smart,6x113g,7
Life Smart,600g,7
Life Smart,350g,7
Life Smart,796ml,6
Life Smart,100g,6
Life Smart,900ml,5
Life Smart,40g,5
Life Smart,375g,5
Life Smart,2 per tray,5
Life Smart,620ml,4
Life Smart,500ml,4
Life Smart,250g,4
Life Smart,1kg,4
Life Smart,16un,4
Life Smart,150g,4
Life Smart,1.89l,4
Life Smart,90g,3
Life Smart,900g,3
Life Smart,890ml,3
Life Smart,700ml,3
Life Smart,4x90g,3
Life Smart,4x80ml,3
Life Smart,475ml,3
Life Smart,4 per tray,3
Life Smart,360g,3
Life Smart,350ml,3
Life Smart,325ml,3
Life Smart,284ml,3
Life Smart,248g,3
Life Smart,240g,3
Life Smart,227g,3
Life Smart,2.5kg,3
Life Smart,1l,3
Life Smart,,3
Life Smart,750g,2
Life Smart,6x60g,2
Life Smart,6x133g,2
Life Smart,650ml,2
Life Smart,4x68ml,2
Life Smart,414ml,2
Life Smart,284g,2
Life Smart,23g,2
Life Smart,225g,2
Life Smart,200ml,2
Life Smart,1un,2
Life Smart,180g,2
Life Smart,12x40g,2
Life Smart,125g,2
Life Smart,1.75l,2
Life Smart,908g,1
Life Smart,8 per tray,1
Life Smart,774g,1
Life Smart,768g,1
Life Smart,6 per tray,1
Life Smart,595g,1
Life Smart,57g,1
Life Smart,575ml,1
Life Smart,543g,1
Life Smart,540ml,1
Life Smart,475g,1
Life Smart,453g,1
Life Smart,452g,1
Life Smart,44g,1
Life Smart,430ml,1
Life Smart,39g,1
Life Smart,398g,1
Life Smart,380g,1
Life Smart,375ml,1
Life Smart,370g,1
Life Smart,344g,1
Life Smart,340g,1
Life Smart,335g,1
Life Smart,325g,1
Life Smart,320g,1
Life Smart,31g,1
Life Smart,2l,1
Life Smart,28g,1
Life Smart,282g,1
Life Smart,270g,1
Life Smart,26g,1
Life Smart,265g,1
Life Smart,260g,1
Life Smart,255g,1
Life Smart,246g,1
Life Smart,244g,1
Life Smart,230g,1
Life Smart,20x90g,1
Life Smart,18un,1
Life Smart,185ml,1
Life Smart,170g,1
Life Smart,160g,1
Life Smart,15g,1
Life Smart,14g,1
Life Smart,142g,1
Life Smart,12g,1
Life Smart,129g,1
Life Smart,114g,1
Life Smart,113g,1
Life Smart,110g,1
Life Smart,10g,1
Life Smart,100un,1
Life Smart,1.5kg,1
LightHouse,24g,1
Lightlife,340g,7
Lightlife,170g,5
Lightlife,227g,4
Lightlife,142g,4
Lightlife,175g,2
Ligo,425g,7
Ligo,155g,5
Lijjat,LJ PUNJABI PAPADS,1
Lijjat,E-VERKA LJ PUNJABI PAPADS,1
Lily's,Lily's 70% NSA Extra Dark Sea Salt,1
Lily's,Lily's 40% NSA Salted Caramel Bar,1
Lily's,Lily's 40% NSA CREAMY MILK BAR,1
Lily's Sweet's,85g,3
Lily's Sweet's,80g,2
Lilydale,375g,5
Lilydale,500g,3
Lilydale,454g,2
Lilydale,1.53 - 1.87kg,1
Lilydale,1.50 - 1.83kg,1
Lilys,85g,1
Lilys,80g,1
Lil¡¯ Juan¡¯s,400g,1
Limonana,500ml,1
Lincet,1 piece,1
Lindt,100g,169
Lindt,150g,50
Lindt,128g,14
Lindt,300g,12
Lindt,200g,10
Lindt,156g,10
Lindt,600g,6
Lindt,36g,6
Lindt,80g,5
Lindt,240g,4
Lindt,120g,4
Lindt,Christmas Chocolates,3
Lindt,Bulk100g,3
Lindt,50g,3
Lindt,158g,3
Lindt,150g Bag,3
Lindt,Theatre Box100g,2
Lindt,48g,2
Lindt,4 Each,2
Lindt,38g,2
Lindt,287g,2
Lindt,250g,2
Lindt,151g,2
Lindt,100g No Sugar Added Chocolate Bar,2
Lindt,Pumpkin Spice Latte42g,1
Lindt,Dark Chocolate,1
Lindt,Contains 100% cacao,1
Lindt,Big Heads154g,1
Lindt,Assorted Chocolates282g,1
Lindt,96g,1
Lindt,75g,1
Lindt,551g,1
Lindt,469g,1
Lindt,45g,1
Lindt,408g,1
Lindt,315g,1
Lindt,30g,1
Lindt,3 Each,1
Lindt,247g,1
Lindt,1x100g Dark Chocolate Bar,1
Lindt,195g,1
Lindt,193g,1
Lindt,193 Grams,1
Lindt,192g,1
Lindt,181g,1
Lindt,180g,1
Lindt,173g,1
Lindt,154g,1
Lindt,150g Dark Chocolate Bar,1
Lindt,142g,1
Lindt,141g,1
Lindt,138g,1
Lindt,135g,1
Lindt,130g,1
Lindt,1.5kg,1
Lior,500g,2
Lior,250g,2
Lior,1.82kg,1
Lior,1.81kg,1
Lipstore,Food Grade keeping Bottle Honey Gate Extractor Tool Orange,1
Lipton,20un,8
Lipton,12x340ml,5
Lipton,4un,4
Lipton,228g,4
Lipton,200g,4
Lipton,2 Each,4
Lipton,1l,4
Lipton,912g,3
Lipton,61g,3
Lipton,58g,3
Lipton,547 Millilitre,3
Lipton,338g,3
Lipton,12 Each,3
Lipton,1.75 Litre,3
Lipton,94g,2
Lipton,72ea,2
Lipton,710 Millilitre,2
Lipton,4x338.0g,2
Lipton,2l,2
Lipton,166g,2
Lipton,145g,2
Lipton,12x340.0ml,2
Lipton,100un,2
Lipton,1 Litre,2
Lipton,Strawberry710 Millilitre,1
Lipton,Raspberry547 Millilitre,1
Lipton,Peach547 Millilitre,1
Lipton,Peach1.75 Litre,1
Lipton,Pack of 100,1
Lipton,Lipton Yellow tea,1
Lipton,Lipton Yellow Label Green Tea 100ct,1
Lipton,Lipton Yellow Label Black Tea 100 count,1
Lipton,Lipton Summer Fruits with Hibiscus 20 pack,1
Lipton,Lipton Peach Mango Herbal Tea 20 pack,1
Lipton,Lipton Green Tea Lemon Ginseng 72 count,1
Lipton,Lipton Green Tea Decaf 72 count,1
Lipton,900g,1
Lipton,72un,1
Lipton,72 tea bags Green Tea,1
Lipton,561g,1
Lipton,54g,1
Lipton,53g,1
Lipton,500ml,1
Lipton,400g,1
Lipton,37.5g,1
Lipton,355 Millilitre,1
Lipton,340 Millilitre,1
Lipton,338 g Soup,1
Lipton,2un,1
Lipton,20ea,1
Lipton,2 Litre,1
Lipton,128ml,1
Lipton,128g,1
Lipton,123g,1
Lipton,122g,1
Lipton,12 x 340ml,1
Lipton,117g,1
Lipton,100 Each,1
Liquid I.V.,16g Mix/6 units,3
Liquid I.V.,16g Mix/10 units,3
Lisbinx,Lisbinx Double Layer Candy And Dried Fruit Rotating Design Dessert Holiday Deals,1
Lisbinx,Lisbinx Double Layer Candy And Dried Fruit Rotating Design Dessert Flash Deals,1
Lisbinx,Lisbinx Birthday Cake Baking Decoration Aerospace 3-piece Set Astronaut Astronaut Star System Cake Decoration Car Decoration for Home,1
Lisbinx,Lisbinx 4 Hand-held Popsicles With Transparent Self-made Ice Cream With Lid Clearance Items,1
Litehouse,384 Millilitre,9
Litehouse,591ml,8
Litehouse,8g,7
Litehouse,340g,7
Litehouse,355 Millilitre,5
Litehouse,45g,4
Litehouse,13fl,4
Litehouse,7g,3
Litehouse,384ml,3
Litehouse,17.5g,3
Litehouse,10g,3
Litehouse,8.5g,2
Litehouse,592ml,2
Litehouse,lH FD Parsl,1
Litehouse,Old Fashioned6 Each,1
Litehouse,LH FD Oreg,1
Litehouse,LH FD Chives,1
Litehouse,Chnky Blue Cheese Dress/Dip,1
Litehouse,592 Millilitre,1
Litehouse,16g,1
Litehouse,14g,1
Litehouse,13g,1
Litehouse,12g,1
Litehouse,1 x 8g,1
Litehouse,1 x 45g,1
Litehouse,1 x 17g,1
Litehouse,1 x 14g,1
Little Bear,2 lb,1
Little Bear,2 Lb,1
Little Creek,295 Millilitre,3
Little Creek,Okanagan's Original750 Millilitre,1
Little Debbie,300g,1
Little Debbie,1ea,1
Little Italy In The Bronx,650ml,4
Little Leaf,113g,3
Little Leaf,226g,1
Little Northern Bakehouse,567g,6
Little Northern Bakehouse,482g,6
Little Northern Bakehouse,454g,4
Little Northern Bakehouse,539g,3
Little Northern Bakehouse,400g,3
Little Northern Bakehouse,600g,2
Little Northern Bakehouse,320g,2
Little Northern Bakehouse,100% Plant Based + Egg Free,2
Little Northern Bakehouse,Whole Grain Wide Sliced567g,1
Little Northern Bakehouse,White White Wide Sliced567g,1
Little Northern Bakehouse,Seeds & Grains482g,1
Little Northern Bakehouse,Plain400g,1
Little Northern Bakehouse,Millet & Chia Seeds320g,1
Little Northern Bakehouse,Millet & Chia Seeds260g,1
Little Northern Bakehouse,LNB Seeds & Grains GF Non GMO,1
Little Northern Bakehouse,LNB GF Cinnamon Raisin Bread,1
Little Northern Bakehouse,Hot Dog Buns,1
Little Northern Bakehouse,Everything4 Each,1
Little Northern Bakehouse,Cinnamon Raisin400g,1
Little Northern Bakehouse,Cinnamon & Raisin482g,1
Little Northern Bakehouse,Artisan Style420g,1
Little Northern Bakehouse,570g,1
Little Northern Bakehouse,420g,1
Little Northern Bakehouse,4 Each,1
Little Northern Bakehouse,300g,1
Little Potato Co,680g,1
Little Potato Co,454g,1
Little Potato Company,454g,4
Little Potato Company,1.36kg,2
Little Rachel,400g,1
Little Saigon,375ml,1
Little Saigon,375 Millilitre,1
Liu Quan,268g,2
Liu Yi Shou,HOT POT BASE TRAD,1
Liu Yi Shou,E-CANDA SIX FORTUNE LYS TRAD SOUP BASE,1
Liu Yi Shou,200g,1
Liuyishou Hot Pot,200g,3
Liva,400g,1
Liva,275g,1
Live Organic,241g,1
Live Organic,200g,1
Livewire,100g,2
Liviva,400g,2
Liviva,200g,2
Liviva,225g,1
Liviva,120g,1
Lloydies,780g,1
Loacker,250g,11
Loacker,175g,11
Loacker,100g,10
Loacker,63g,5
Loacker,250 GR,2
Loacker,Quadratini Dark Chocolate250g,1
Loacker,Loacker Tortina Caramel 63GR,1
Loacker,Classic Hazelnut175g,1
Loacker,250G,1
Loacker,250 G,1
Loacker,220g,1
Lobster,1 Each,1
Lock City Dairies,Homogenized Milk,2
Lock City Dairies,4L Skim Milk,1
Lock City Dairies,2L 1% Lock City Dairies,1
Lock City Dairies,1L Skim Milk,1
Lock City Dairies,1L 2% Lock City Dairies,1
Lodge,Lodge cookware is known for lasting generations.,1
Loewten,Professional Ink long lasting Fast Coloring Pigment Orange label 29.6ml,1
Lol Surprise,619g,1
Lolmot,Lolmot Tea Filter Bags for Loose Tea 100Pcs Empty Teabags String Heat Seal Filter Paper Herb Loose Tea Bag,1
Loney's,400g,7
LongKow,300g,2
Longo's,12 per pack,3
Longo's,575g,1
Longo's,540g,1
Longo's,405g,1
Longo's,325g,1
Longo's,200g,1
Longo's,18 per pack,1
Longos,350g,1
Loop,1000ml,7
Loop,355 Millilitre,5
Loop,947ml,4
Loop,200g,3
Loop,1l,1
Loop Mission,355ml,10
Loop Mission,1l,3
Loop Mission,947ml,2
Loop Mission,4x73ml,2
Loop Mission,6x355ml,1
Loose Herbs,Bulk100g,2
Loose Spice,Bulk100g,1
Loounie Cuisine,430g,2
Lorna Vanderhaeghe,120ea,4
Lorna Vanderhaeghe,90ea,3
Lorna Vanderhaeghe,60ea,1
Lorna Vanderhaeghe,400g,1
Lorna Vanderhaeghe,30ml,1
Lorna Vanderhaeghe,30ea,1
Lorna Vanderhaeghe,250ml,1
Los Tacos,2 Each,1
Lotte,270g,8
Lotte,195g,6
Lotte,47g,4
Lotte,41g,4
Lotte,336g,3
Lotte,32g,3
Lotte,1.5l,3
Lotte,6x250.0ml,2
Lotte,50g,2
Lotte,LOTTE PEPERO - CHOCOLATE - BULK,1
Lotte,LOTTE PEPERO - ALMOND - BULK,1
Lotte,39g,1
Lotte,276g,1
Lotte Mochi,Mochi (rice cake) filled with vanilla ice-cream,1
Lotus,80g,4
Lotus,150g,4
Lotus,400g,3
Lotus,283g,3
Lotus,250g,3
Lotus,227g,2
Lotus,Vanilla150g,1
Lotus,Lotus Biscoff w/Biscoff cream 150g,1
Lotus,Lotus Biscoff sandwich cookies chocolate flavour,1
Lotus,Cookies 250g,1
Lotus,186g,1
Lotus Foods,80g,6
Lotus Foods,283g,2
Lotus Foods,250g,1
Lotus Foods,227g,1
Lou's,454g,1
Lou's,375g,1
Lou's BBQ Company,400g,1
Lou's BBQ Company,375g,1
Lou's Kitchen,400g,5
Lou's Kitchen,Natural Hardwood Smoked Whisky BBQ Ribs,1
Lou's Kitchen,Natural Hardwood Smoked Pork Back Ribs,1
Lou's Kitchen,Lou's Kitchen Whisky BBQ Pork Back Ribs,1
Lou's Kitchen,Lou's Kitchen Original BBQ Pork Back Ribs,1
Lou's Kitchen,454g,1
Lou's Kitchen,375g,1
Louis Kemp,454g,1
Louise Prete Food,750ml,4
Louisiana,354ml,1
Louisiana,354 Millilitre,1
Loumidis,GREEK COFFEE,1
Lounsbury,250ml,2
Lous,400g,7
Lous,680g,6
Lous,375g,3
Lous,800g,2
Lous,454g,2
Love Beets,250g,4
Love Beets,250ea,1
Love Beets,226g,1
Love Beets,184g,1
Love Child Organics,Flavourful cookies with fun sea shapes,3
Love Child Organics,Organic cocoa infused oat bar for toddlers,1
Love Crunch,325g,1
Love Good Fats,40g,4
Love Good Fats,39g,4
Love Good Fats,12x40g,4
Love Good Fats,4x39g,3
Love Good Fats,12x39g,1
LoveGoodFats,39g,9
LoveGoodFats,55g,6
LoveGoodFats,40g,5
LoveGoodFats,156g,2
Lowenbrau,473ml,1
Lowicz,280g,1
Lowney,290g,2
Loxton,750 Millilitre,3
Lu+,475 Millilitre,1
Lubelski,Lubelski Arc Shaped Chocolate Candy Lollipop Stand Display Holder Clear,1
Lucky,700ml,1
Lucky Charms,300g,2
Lucky Charms,825g,1
Lucky Charms,526g,1
Lucky Charms,5 Bars,1
Lucky Charms,297g,1
Lucky Elephant,200g,4
Lucky Elephant,70g,1
Lucky Elephant,60g,1
Lucky Elephant,135g,1
Lucky Koi,450ml,2
Lucky Me,70g,3
Lucky Me,6x60g,1
Lucky Me!,360g,7
Lucky Me!,65g,6
Lucky Me!,60g,6
Lucky Me!,70g,4
Lucky Me!,6 x 60g,4
Lucky Me!,55g,4
Lucky Me!,28g,2
Lucky Me!,6x60g,1
Lucky Star,300ml,1
Ludo,450g,1
Luk Yu,25ea,6
Lula,228g,2
Lumpia,Net Wt. 425 g 15 Oz,2
Lunberg Family Farms,156g,1
Lunchables,Lunchables Snackables,3
Lunchables,Pepperoni Pizza,1
Lunchables,Nachos with Cheesy Dip & Salsa,1
Lunchables,LC TUR/CH/TR CDN 90G,1
Lunchables,Ham and Cheese,1
Lunchables,Extra Cheesy Pizza,1
Lunchables,90g,1
Lunchables,89g,1
Lunchables,82 g Tray,1
Lunchables,59.5 g Tray,1
Lunchables,56.7 g Tray,1
Lunchables,138g,1
Lunchables,135g,1
Lunchables,131g,1
Lundberg,907g,27
Lundberg,142g,5
Lundberg,454g,3
Lundberg,241g,3
Lundberg,227g,3
Lundberg,125g,3
Lundberg,226.8g,2
Lundberg,167g,2
Lundberg,164g,2
Lundberg,156g,2
Lundberg,460g,1
Lundberg,24 Each,1
Lundberg Family Farm,907g,2
Luso,1.5lt plastic bottle,1
Luso,1.5l,1
Luvo,291g,1
Lux,50g,4
Lux,37.5g,2
Lux,100g,1
Luzkey,press Replacement s Balanced .Removable .Smoother . to Clean .Practical Even filter Coffee Pot. for Tea Machines Medium,1
Luzkey,paintdeskshop Professional Espresso Distribution Tool Coffee Powder Distributor rose gold,1
Luzkey,Writer Decorator Pens - Brown,1
Luzkey,6 Pcs 10 Ml Soap Coloring Colors DIY Coloring Food Cosmetic Baking Dyeing Supply 24pcs,1
Luzkey,50x Premium Coffee Filter Paper Kitchen Accessories Basket Filters Paper Single Serving Paper for Espresso Maker Dripper Coffee Machinel,1
Luzkey,4034cm,1
Luzkey,100x Household Coffee Filter Papere Professional Coffee Strainer Round for Dinning Home Cafe 51mm,1
Luzkey,100x Household Coffee Filter Papere 56mm 60mm 68mm Coffee Strainer Replacements Professional Universal for Coffee Maker 6cm,1
Lynch,375ml,2
Lynch,230g,2
Lysol,650ml,1
L?rabar,16x45g,7
L?rabar,45g,4
L?rabar,5un,3
L?rabar,48g,3
L?rabar,16x48g,3
L?rabar,40g,1
M & M,49?g,1
M&M,800g,3
M&M,Bulk100g,1
M&M'S,Bulk100g,3
M&M'S,100g,2
M&M'S,Tube30g,1
M&M'S,Stand Up Pouch800g,1
M&M'S,Sea Salted350g,1
M&M'S,Oven RoastedUnsalted350g,1
M&M'S,E-M&MS M&MS PEANUT 345G,1
M&M'S,E-M&MS M&MS PB PEG 100G,1
M&M'S,E-M&MS M&MS PB PEG,1
M&M'S,E-M&MS M&MS MINIS SUP 165G,1
M&M'S,E-M&MS M&MS MC SUP 345G,1
M&M'S,E-M&MS M&MS MC 165G,1
M&M'S,E-M&MS M&MS CARAMEL155G,1
M&M'S,E-M&MS M&M'S PEANUT 165G,1
M&M'S,E-M&MS M&M'S ALMOND 155G,1
M&M'S,E-M&MS M&M CLS MIX 155G,1
M&M'S,E-M&MS M&M CL MIX PEG,1
M&M'S,Celebration Size800g,1
M&M'S,Bag49g,1
M&M'S,800g,1
M&M'S,50g,1
M&M'S,345g,1
M&M'S,165g,1
M&M'S WORLD,E-M&MS M&MS MINIS SUP 165G,1
M&M's,165g,18
M&M's,155g,9
M&M's,800g,7
M&M's,100g,6
M&M's,104g,4
M&M's,345g,3
M&M's,95g,2
M&M's,49g,2
M&MS,165g,4
M&MS,155g,3
M&MS,345g,2
M&MS,49g,1
M'Lord,398ml,11
M'Lord,227ml,4
M'Lord,250ml,3
M'Lord,100ml,2
M'Lord,210ml,1
M'Lord,199ml,1
M'Lord,115g,1
M'Lord,100 Millilitre,1
M-C Dairy,400ml,1
M-C Dairy,400g,1
M-C Dairy,1l,1
M. Y. San,250g,3
M. Y. San,300g,1
M. Y. San,200g,1
M.Y. San,200g,2
M.Y. San,Net Weight : 800 g / 32 packs,1
M.Y. San,MY San Skyflakes Saltine Crackers,1
M.Y. San,32 Each,1
M.Y. San,250g,1
M20,317g,1
M26,340g,1
MALTESERS,650g,1
MALTESERS,324g,1
MALTESERS,165g,1
MAMA,5 Each,2
MAMBA,150g,1
MANDIOCA,Natuarally Gluten Free Brazilian Style Cheese Buns,4
MAOWAPLG,MAOWAPLG Three-dimensional Easter with Pattern Dinosaur Chocolate,1
MAOWAPLG,MAOWAPLG Four Compartments Seasoning Jar Compartment Multifunctional Seasoning Can of Spices Household Seasoning Combination Set Spice Can of Spices,1
MARIO'S,Mario's Cooked Ham 340g,4
MARIO'S,Mario's mini Vienna Sausages 113g,3
MARIO'S,Mario's Flakes of Ham 156 grams,2
MARIO'S,Corned Beef 340g,2
MARIO'S,CHOPPED HAM MARIO'S,2
MARIO'S,Mario's Luncheon Meat 340g,1
MARIO'S,Mario's Luncheon Meat 340 f,1
MARIO'S,CHOPPED HAM,1
MARYS ORGANIC CRACKERS,184GR,1
MATT & STEVE'S BABY DILLS,MATT & STEVE'S BABY DIllS SPICY DIll 750ml,1
MATT & STEVE'S BABY DILLS,MATT & STEVE'S BABY DIllS GARlIC & DIll,1
MC Callender's,Marie Callender's Lsg Bwl 333g,1
MC Dairy,500ml,2
MC Dairy,500g,2
MC Dairy,MC Dairy Probiotic Yogurt,1
MC Dairy,MC Dairy 1.6 % M.F. Laban Ayran,1
MC Dairy,MC Dairy 1.6 % M.F. Alphonse Mango Lassi,1
MC Dairy,MC Dairy 0.5 % M.F. Pressed Cottage Cheese,1
MC Dairy,750ml,1
MC Dairy,2.25l,1
MC Dairy,1l,1
MCLean,125g,2
MCSWEENEYS,150g,1
MDH,100g,18
MDH,35g,1
MEGA SARDINES,155g,2
MI-Del,200g,1
MIANHT,White,1
MICHEL TORINO,180g,1
MICROSALT,57g,1
MICROSALT,170g,1
MILK 2 GO,473 Millilitre,8
MILK 2 GO,310 Millilitre,1
MINA,600g,7
MINA,650g,1
MINA,630g,1
MINA,568g,1
MM,200g,1
MM,104g,1
MNH Dreamland,Coffee Bean Sifter Smelling Cup Coffee Grinding Filter Cup Stainless Steel,1
MNH Dreamland,Aluminium Moka Funnel Filter Replacement for Espresso Coffee 1 2 3 6 9 12 Cups,1
MNH Dreamland,10 20ml 20 40ml Cocktail Shaker Measuring Cup Scale Cup Bar Tool Transparent,1
MOGU MOGU,1 x 1l,5
MOI,473ml,2
MONTANA'S,MONTANA'S Texas bold BBQ sauce,1
MONTANA'S,MONTANA'S BBQ Apple butter Sauce,1
MONTELLIER,Montellier Sparkling Water Clementine 1l,1
MONTELLIER,Montellier Flavored Water Clementine 10x355ml,1
MORESEC,Pink,1
MPE,1l,1
MPK,28g,1
MPK Foods,28g,6
MTR,300g,20
MTR,Rava idli,2
MTR,500g,2
MTR,200g,2
MTR,South-Indian delicacy,1
MTR,Sambhar powder,1
MTR,Poudre pour faire trempette,1
MTR,MTR Instant regular Poha Cup,1
MTR,Crepe-like pancake made with semolina,1
MTR,250g,1
MTR,0.2kg,1
MUG,591 Millilitre,1
MUG Root Beer,The taste you crave.,1
MUG Root Beer,591ml,1
MUG Root Beer,2l,1
MUG Root Beer,12x355ml,1
MUNCHOS,195GM,1
MUNCHOS,130g,1
MUSZYNIANKA,1.5l,2
MYMOCHI,PREMIUM FROZEN DESSERT IN SWEET RICE DOUGH,1
MYMOCHI,PREMIUM FROZEN DESSERT IN A SWEET RICE DOUGH,1
MYMOCHI,MYMOCHI CHOCOLATE,1
Maatouk,200g,1
Mac's,227g,1
MacLaren's,230g,1
MacLaren's Imperial,230g,1
MacLarens,230g,2
Macabee,198g,2
Macabee,567g,1
Macabee,3ea,1
Macabee,384g,1
Macabee,340g,1
Macabee,1304g,1
Macabee,1.3kg,1
Macarico,sell quantity 200g,2
Macarico,200g,2
Macarico,sell quantity 200ml,1
Macarico,850g,1
Macaroni et Cie,360g,2
Mackintosh's,45g,1
Maclaren Imperial,230g,1
MacroLife,283.5g,2
MacroLife,1ea,1
Macy's,113GR,1
Mad Mexican,250ml,3
Mad Mexican,355ml,2
Mad Mexican,250g,1
Made Good,120g,25
Made Good,200g,15
Made Good,100g,13
Made Good,5 Each,12
Made Good,24g,12
Made Good,360g,9
Made Good,284g,7
Made Good,150g,6
Made Good,132g,6
Made Good,121g,6
Made Good,5x120.0g,2
Made Good,22g,2
Made Good,110g,2
Made Good,6x22g,1
Made Good,6 Each,1
Made Good,5x24g,1
Made Good,5x22g,1
Made Good,500g,1
Made Good,300g,1
Made Good,15 Each,1
Made Good,12 Each,1
Made with Local,53g,9
MadeGood,5x24g,13
MadeGood,5 x 24g,9
MadeGood,121g,4
MadeGood,100g,4
MadeGood,5 x 30g,3
MadeGood,200g,3
MadeGood,6x22g,2
MadeGood,5x30g,2
MadeGood,284g,2
MadeGood,15 x 24g,2
MadeGood,MG VAN CHOC DRIZZLE,1
MadeGood,MG Chocolate Chip Granola Bars VP,1
MadeGood,MG Birthday Cake Granola Bars VP,1
MadeGood,MG - C&C Drizzled Crunchy Oat Bites,1
MadeGood,MG - Birthday Cake Drizzled Crunchy Oat Bites,1
MadeGood,6 x 22g,1
MadeGood,6 x 22 g bars,1
MadeGood,5 x 22g,1
MadeGood,360g,1
MadeGood,142g,1
MadeGood,,1
Mae Ploy,730ml,1
Maggi,340ml,10
Maggi,34g,7
Maggi,800ml,5
Maggi,36g,3
Maggi,200ml,3
Maggi,70g,2
Maggi,395g,2
Maggi,390g,2
Maggi,280g,2
Maggi,24x21.0g,2
Maggi,200g,2
Maggi,Quantity - 300g,1
Maggi,Quantity - 12 x 8g,1
Maggi,Maggi Seasoning Red,1
Maggi,Maggi 2-Minute Noodles,1
Maggi,Authentic Indian Noodles,1
Maggi,75g,1
Maggi,200 Millilitre,1
Maggi,130g x 4,1
Maggie fine foods,400g,1
Magic,450g,2
Magic,225g,1
Magic Baking Powder,450g,3
Magic Baking Powder,225g,3
Magic Creations,25g,1
Magic Melt,360g,1
Magnolia,1.42l,4
Magnolia,235g,2
Magnolia,480g,1
Magnolia,12/480g,1
Magnolia,1.45l,1
Magnum,3 Each,7
Magnum,3ea,6
Magnum,3x90.0ml,5
Magnum,3x100.0ml,5
Magnum,3x85ml,4
Magnum,4x55.0ml,3
Magnum,3x90ml,3
Magnum,3x100ml,3
Magnum,85ml Ice Cream Bars,2
Magnum,85ml Ice Cream Bar,2
Magnum,4x55ml,2
Magnum,4 Each,2
Magnum,3 x 85ml,2
Magnum,3 x 100ml,2
Magnum,100ml Ice Cream,2
Magnum,Cookie Duet3 Each,1
Magnum,Chocolate Duet3 Each,1
Magnum,Almond Duet3 Each,1
Magnum,90ml Cream Bar,1
Magnum,90ml,1
Magnum,90 Millilitre,1
Magnum,55ml 4 pack Ice Cream Bar,1
Magnum,55ml,1
Magnum,4x 55ml,1
Magnum,4 count Ice?Cream?Bar,1
Magnum,300ml Barre de cr¨¨me glac¨¦e,1
Magnum,300ml,1
Magnum,3 x 90ml?Bars,1
Magnum,3 x 100ml Bars,1
Magnum,270ml,1
Magnum mini almond,4 Each,1
Magpie,520g,1
Maharani,4.54kg,1
Maille,200ml,8
Maille,500ml,7
Maille,375ml,6
Maille,245ml,2
Maille,240ml,2
Maille,200 Millilitre,2
Maille,500 Millilitre,1
Maille,340ml,1
Main Street Deli,400g,1
Main Street Deli,300g,1
Main Street Deli,250g,1
Main Street Deli,200g,1
Maison BeauSoleil,24 oysters,1
Maison Beausoleil,24x1.0ea,1
Maison Bellot,330ml,3
Maison Crowin,460g,1
Maison Crowin,420g,1
Maison Crowin,340g,1
Maison Isabelle,460g,1
Maison Isabelle,420g,1
Maison Orphee,750ml,7
Maison Orphee,250ml,4
Maison Orphee,250 Millilitre,3
Maison Orphee,E-MAISON ORPHEE MO SES-TAM DRESSING,1
Maison Orphee,750 Millilitre,1
Maison Orphee,500 Millilitre,1
Maison Orphee,1.5l,1
Maison Orph¨¦e,250ml,8
Maison Orph¨¦e,E-MAISON ORPHEE MO ORG O-F MUSTARD,1
Maison Orph¨¦e,E-MAISON ORPHEE MO MAP-DIJ DRESSING,1
Maison Orph¨¦e,E-MAISON ORPHEE MO CEASAR DRESSING,1
Maison Orph¨¦e,750ml,1
Maison Orph¨¦e,500ml,1
Maison Orph¨¦e,1.5l,1
Maison Perrier,8x330ml,9
Maison Perrier,2.64LTR,9
Maison Perrier,1l,7
Maison Perrier,6x500ml,2
Maison Perrier,6x1l,2
Maison Perrier,6LTR,2
Maison Perrier,6 Each,2
Maison Perrier,4x250ml,2
Maison Perrier,3LTR,2
Maison Perrier,1.0LTR,2
Maison Perrier,Forever Raspberry8 Each,1
Maison Perrier,Forever Lime1 Litre,1
Maison Perrier,Forever Lemon8 Each,1
Maison Perrier,Forever Lemon1 Litre,1
Maison Perrier,Forever LIme8 Each,1
Maison Perrier,Forever Grapefruit8 Each,1
Maison Perrier,Forever Ginger Lime8 Each,1
Maison Perrier,Forever Blackberry8 Each,1
Maison Perrier,500ml,1
Maison Perrier,4 Each,1
Maison Perrier,330ml,1
Maison Riviera,4x120g,11
Maison Riviera,200g,7
Maison Riviera,650g,6
Maison Riviera,750g,4
Maison Riviera,170g,4
Maison Riviera,500g,3
Maison Riviera,125g,3
Maison Riviera,946ml,2
Maison Riviera,375g,2
Maison Riviera,2x120ml,2
Maison Riviera,270g,2
Maison Riviera,Riviera Veg Del Coco Plain,1
Maison Riviera,Plant Based Kefir Raspberry,1
Maison Riviera,360g,1
Maison Riviera,1l,1
Maison Riviera,150g,1
Maison du Gibier,125g,1
Maison du Gibier,,1
Maisonneuve & Fils,6un,1
Maitre Truffout,300g,1
Maizada,REGULAR TOSTADAS,1
Maizada,MAIZADA REGULAR TOSTADAS,1
Maizada,249g,1
Maizteca,850g,1
Maizteca,794g,1
Maizteca,0.907kg,1
Makabi,Makabi Petit Suisse - Fruited Soft cheese 6 pk.,1
Makabi,Fruited Soft cheese 6pk. small,1
Makabi,Fruited Soft cheese,1
Makabi,99g,1
Makabi,6x60.0g,1
Makabi,6x100.0g,1
Makabi,198g,1
Maldon,125g,1
Malimousse,130g,5
Malimousse,3x70g,1
Malimousse,210g,1
Malta Polar,350ml,1
Maltesers,165g,2
Maltesers,Bag165g,1
Maltesers,37g,1
Maltesers,324g,1
Maltesers,100g,1
Mama,300g,4
Mama,60g,2
Mama,275g,2
Mama,55g,1
Mama Lycha,400g,1
Mama Mary's,681g,1
Mama Mary's,340g,1
Mama Noodles,225g,2
Mama Sita,50g,8
Mama Sita,57g,2
Mama Sita,40g,2
Mama Sita,350ml,2
Mama Sita,30g,2
Mama Sita,75g,1
Mama Sita,405g,1
Mama Sita,10g,1
Mama Sita's,50g,8
Mama Sita's,40g,7
Mama Sita's,57g,4
Mama Sita's,Menudo / Afritada,1
Mama Sita's,Mama Sita's Tinola Mix 25g,1
Mama Sita's,Mama Sita's Annatto Powder,1
Mama Sita's,75g,1
Mama Sita's,48g,1
Mama Sita's,350ml,1
Mama Sita's,30g,1
Mama Yolanda's,1.22kg,4
Mama Yolanda's,2.72kg,3
Mama Yolanda's,680g,1
Mamba,150g,8
Mamba,79.5g,2
Mamee,160g,3
Mamee,300g,2
Mamma Chia,396g,3
Mamma Chia,4x99g,2
Man,200g,5
Man,500g,3
Man,198g,2
Man,600g,1
Man,300g,1
Man,227g,1
Man,170g,1
Manamit,85g,1
Manamit,200g,1
Manba,500g,4
Mandarin,460g,2
Mandarin,400g,2
Mandarin,650g,1
Mandarin,500g,1
Mandarin,450g,1
Mandys,250ml,4
Mang Tomas,550g,2
Mang Tomas,300ml,2
Mangiami,250g,2
Mango,Bulk100g,3
Mango,Premium100g,1
Mangos,Sliced100g,2
Mangos,Sea Salted325g,1
Manisch,170g,6
Manisch,340g,5
Manisch,680g,2
Manisch,275g,2
Manisch,85g,1
Manisch,709ml,1
Manisch,453g,1
Manisch,272g,1
Manisch,200g,1
Manisch,142g,1
Manisch,127g,1
Manisch,125g,1
Manischewitz,170g,19
Manischewitz,340g,17
Manischewitz,284g,8
Manischewitz,272g,7
Manischewitz,680g,5
Manischewitz,340,5
Manischewitz,500g,4
Manischewitz,272,4
Manischewitz,0.53g,4
Manischewitz,454g,3
Manischewitz,227g,3
Manischewitz,170,3
Manischewitz,127g,3
Manischewitz,Seasoned Coating,2
Manischewitz,Manischewitz Potato Latke Mix,2
Manischewitz,481g,2
Manischewitz,425g,2
Manischewitz,142g,2
Manischewitz,1.2kg,2
Manischewitz,this dish is not just a meal but a celebration of heritage and taste. Key Featu,1
Manischewitz,Potato Chips Ripple Salted KFP,1
Manischewitz,Organic Matzo - Case Of 12 - 10 Oz,1
Manischewitz,Noodles Egg Fine GF KPY,1
Manischewitz,Matzo Whole Wheat,1
Manischewitz,Matzo Unsalted,1
Manischewitz,Manischewitz matzos,1
Manischewitz,Manischewitz Whole Grain Matzo Meal,1
Manischewitz,Manischewitz Tam Tam Crackers - Garlic,1
Manischewitz,Manischewitz Regular Borscht,1
Manischewitz,Manischewitz Potato Chips Ripple Salted KFP 142g,1
Manischewitz,Manischewitz Noodles Small Bow Tie,1
Manischewitz,Manischewitz Noodles Large Bow Tie,1
Manischewitz,Manischewitz Matzo Whole Wheat,1
Manischewitz,Manischewitz Matzo Meal,1
Manischewitz,Manischewitz Egg Noodles Alphabet,1
Manischewitz,Manischewitz Cello Soup Split Pea & Barley,1
Manischewitz,Manischewitz Cello Soup Lima Bean & Barley,1
Manischewitz,Manischewitz Apple Butter,1
Manischewitz,Mac & Cheese,1
Manischewitz,E-ALTRA LIQUID,1
Manischewitz,88ml,1
Manischewitz,724ml,1
Manischewitz,709ml,1
Manischewitz,600g,1
Manischewitz,49g,1
Manischewitz,482g,1
Manischewitz,397g,1
Manischewitz,368g,1
Manischewitz,355ml,1
Manischewitz,354g,1
Manischewitz,225g,1
Manischewitz,198g,1
Manischewitz,198,1
Manischewitz,156g,1
Manischewitz,141g,1
Manischewitz,140g,1
Manischewitz,128g,1
Manischewitz,125g,1
Manischewitz,118g,1
Manischewitz,113g,1
Manischewitz,1.33kg,1
Manischwitz,170,1
Manitoba Harvest,227g,4
Manitoba Harvest,454g,3
Manitoba Harvest,340g,2
Manitoba Harvest,283g,2
Manitoba Harvest,200g,2
Manitoba Harvest,500ml,1
Manitoba Harvest,355ml,1
Manitoba Harvest,340G,1
Manitoba Millling Co,946ml,2
Mann's,12 oz,8
Mann's,6 oz,2
Mann's,227g,2
Mann's,198g,2
Mann's,10 oz,2
Mann's,1.5 lb,2
Mann's,Mann¡¯s Family Favorites Crinkle Cut Sweet Potatoes,1
Mann's,Mann's Green Beans,1
Mann's,907g,1
Mann's,468g,1
Mann's,425g,1
Mann's,2.5 lb,1
Mann's,2.5 Pound,1
Mann's,2 lb,1
Mann's,170g,1
Mann's,15 oz,1
Manning Canning,250ml,10
Manning Canning,500ml,1
Manns,425g,2
Manns,227g,2
Manns,170g,2
Manns,Sugar Snap Stringless680g,1
Manns,283g,1
Manns,0.284kg,1
Manny's,10 Each,2
Manny's,Burrito Size482g,1
Manny's,482g,1
Manny's,454g,1
Manny's,255g,1
Manouch,260g,2
Manouch,600g,1
Manouch,325g,1
Manoucher,360g,4
Manoucher,700g,2
Manoucher,360?g,2
Manoucher,12x700.0g,2
Manoucher,530g,1
Manoucher,290g,1
Manoucher,260g,1
Mantova,190g,4
Manuka Health,250g,1
Manuka Health New Zealand,67ml,1
Manuka Health New Zealand,250g,1
Maoww,Maoww Flower Pattern Rotating Candy Box Wedding Favor Box Divided Dried Fruit Plate Snacks Sunflower Seed Container,1
Maoww,Maoww Birthday cake with card balloons,1
Maoww,Maoww Advent Calendar Christmas Hanging Pendant Gnome Non-woven Fabric DIY Wall Calendary Faceless Man Xmas Tree Decoration Gift Gray,1
Map O Spread,400g,1
Map-O-Spread,700g,1
Maple 3,4x355ml,1
Maple Dale,250g,4
Maple Dale,200g,4
Maple Dale,320g,1
Maple Dale,275g,1
Maple Dale,235g,1
Maple Joe,355ml,2
Maple Joe,710ml,1
Maple Leaf,375g,43
Maple Leaf,175g,20
Maple Leaf,156g,16
Maple Leaf,,10
Maple Leaf,568g,9
Maple Leaf,600g,8
Maple Leaf,1ea,7
Maple Leaf,65g,6
Maple Leaf,500g,6
Maple Leaf,454g,6
Maple Leaf,125g,6
Maple Leaf,Value Pack,5
Maple Leaf,85g,5
Maple Leaf,560g,5
Maple Leaf,400g,5
Maple Leaf,300g,5
Maple Leaf,900g,4
Maple Leaf,250g,4
Maple Leaf,113g,4
Maple Leaf,695g,3
Maple Leaf,4 Dinner Sausages,3
Maple Leaf,150g,3
Maple Leaf,0.90 - 1.50kg,3
Maple Leaf,Oven Roasted175g,2
Maple Leaf,450g,2
Maple Leaf,4 per tray,2
Maple Leaf,12 Breakfast Sausages,2
Maple Leaf,0.76 - 0.95kg,2
Maple Leaf,0.65 - 1.05kg,2
Maple Leaf,$18.71/1kg $8.49/1lb,2
Maple Leaf,Smoked175g,1
Maple Leaf,Smoked Family Size400g,1
Maple Leaf,Raised Without Antibiotics568g,1
Maple Leaf,Raised Without Antibiotics4 Each,1
Maple Leaf,Raised Without Antibiotics 5 pc1 Each,1
Maple Leaf,Popcorn Chicken700g,1
Maple Leaf,Popcorn Chicken560g,1
Maple Leaf,Oven RoastedFamily Size375g,1
Maple Leaf,Original Fully Cooked65g,1
Maple Leaf,Maple Leaf Seasoned Chicken Drumsticks,1
Maple Leaf,Maple Leaf Natural Shredded Chicken,1
Maple Leaf,Maple Leaf Mild Italian Pork Dinner Sausage,1
Maple Leaf,Maple Leaf Hot Italian Pork Dinner Sausage,1
Maple Leaf,Maple Leaf Extra Lean Ground Chicken Raised on Canadian Farms,1
Maple Leaf,Lazy Maple375g,1
Maple Leaf,Hickory SmokedFamily Size375g,1
Maple Leaf,Hickory Smoked175g,1
Maple Leaf,Ham Italian Style,1
Maple Leaf,Ground Pork,1
Maple Leaf,Fully Cooked85g,1
Maple Leaf,Fully Cooked300g,1
Maple Leaf,Fully Cooked 40% Less Salt65g,1
Maple Leaf,Chicken Strips700g,1
Maple Leaf,Chicken Cutlets - Ham & Mozzarella568g,1
Maple Leaf,Chicken Cutlets - Broccoli & Cheddar568g,1
Maple Leaf,Boneless Skinless1 Each,1
Maple Leaf,Boneless Skinless Fresh1 Each,1
Maple Leaf,700g,1
Maple Leaf,7 Drumsticks,1
Maple Leaf,581g,1
Maple Leaf,5-6 Breasts,1
Maple Leaf,5 per tray,1
Maple Leaf,4 Breasts,1
Maple Leaf,26% Less Salt156g,1
Maple Leaf,2.99 - 3.39kg,1
Maple Leaf,2 per tray,1
Maple Leaf,2 lbs,1
Maple Leaf,2 Pork Side Ribs,1
Maple Leaf,19% Meat Protein142g,1
Maple Leaf,1.66 - 2.06kg,1
Maple Leaf,1.53 - 1.87kg,1
Maple Leaf,1.44 - 2.00kg,1
Maple Leaf,1.36kg,1
Maple Leaf,1.35 - 2.02kg,1
Maple Leaf,1.30 - 1.90kg,1
Maple Leaf,1.20 - 2.14kg,1
Maple Leaf,1.2 kg Value Pack,1
Maple Leaf,1.10 - 1.50kg,1
Maple Leaf,1.00 - 1.35kg,1
Maple Leaf,1 per tray,1
Maple Leaf,0.954kg,1
Maple Leaf,0.93 - 1.14kg,1
Maple Leaf,0.92 - 1.21kg,1
Maple Leaf,0.86 - 1.40kg,1
Maple Leaf,0.84 - 1.04kg,1
Maple Leaf,0.81 - 0.99kg,1
Maple Leaf,0.75 - 1.50kg,1
Maple Leaf,0.75 - 1.35kg,1
Maple Leaf,0.70 - 1.10kg,1
Maple Leaf,0.65 - 0.82kg,1
Maple Leaf,0.60 - 0.75kg,1
Maple Leaf,0.55 - 1.15kg,1
Maple Leaf,0.475kg,1
Maple Leaf,0.47 - 0.59kg,1
Maple Leaf,0.40 - 0.55kg,1
Maple Leaf,$44.90/1kg,1
Maple Leaf,$33.67/1kg,1
Maple Leaf,$32.90/1kg,1
Maple Leaf,$24.67/1kg,1
Maple Leaf,$19.90/1kg,1
Maple Lodge Farms,375g,6
Maple Lodge Farms,800g,4
Maple Lodge Farms,Previously Frozen375g,2
Maple Lodge Farms,908g,2
Maple Lodge Farms,900g,2
Maple Lodge Farms,500g,2
Maple Lodge Farms,300g,2
Maple Lodge Farms,Turn up the heat on the grill.,1
Maple Lodge Farms,Smoked100g,1
Maple Lodge Farms,Previously Frozen500g,1
Maple Lodge Farms,Cooked100g,1
Maple Lodge Farms,Cajun100g,1
Maple Lodge Farms,450g,1
Maple Lodge Farms,12 Each,1
Maple Lodge Farms,100g,1
Maple Lodge Farms,10 Each,1
Maple Lodge Farms LT,375g,7
Maple Lodge Farms LT,900g,4
Maple Lodge Farms LT,500g,4
Maple Lodge Farms LT,450g,2
Maple Lodge Farms LT,454g,1
MaraNatha,340g,5
MaraNatha,500g,4
Maranatha,340g,4
Marble Pop,200ml,7
Marc Angelo,675g,2
Marc Angelo,640g,1
Marc Angelo,500g,1
Marc Angelo,480g,1
Marca Pina,1l,4
Marca Pina,750ml,2
Marca Pina,Marca Pina Cane Vinegar 1l,1
Marca pina,1l,4
Marca pina,750ml,1
Marcangelo,1kg,13
Marcangelo,1.4kg,11
Marcangelo,340g,10
Marcangelo,675g,9
Marcangelo,100g,9
Marcangelo,imported from Italy,8
Marcangelo,200g,8
Marcangelo,480g,7
Marcangelo,225g,7
Marcangelo,500g,6
Marcangelo,1.2kg,6
Marcangelo,788g,5
Marcangelo,300g,5
Marcangelo,175g,5
Marcangelo,sliced,4
Marcangelo,800g,4
Marcangelo,70g,4
Marcangelo,280g,4
Marcangelo,640g,3
Marcangelo,600g,3
Marcangelo,350g,3
Marcangelo,320g,3
Marcangelo,240g,3
Marcangelo,900g,2
Marcangelo,678g,2
Marcangelo,454g,2
Marcangelo,452g,2
Marcangelo,400g,2
Marcangelo,4 pk - 675g,2
Marcangelo,120g,2
Marcangelo,pork shoulder portion 800g,1
Marcangelo,frozen pork gyro kit,1
Marcangelo,frozen chicken gyro kit,1
Marcangelo,frozen,1
Marcangelo,Two steaks (500g),1
Marcangelo,Snack Size,1
Marcangelo,Marcangelo Mediterranean Style Butterflied Pork Tenderloin,1
Marcangelo,Marcangelo Butterflied Pork Tenderloin,1
Marcangelo,80g,1
Marcangelo,679 g | 4 x 168.75g,1
Marcangelo,678 g | 4 x 168.75g,1
Marcangelo,676 g | 4 x 168.75g,1
Marcangelo,675 g | 4 x 168.75g,1
Marcangelo,60g,1
Marcangelo,5kg,1
Marcangelo,500 g | 4 x 125g,1
Marcangelo,450g,1
Marcangelo,375g,1
Marcangelo,370g,1
Marcangelo,25g,1
Marcangelo,2 seasoned medallions,1
Marcangelo,16 Each,1
Marcangelo,125g,1
Marcangelo Foods,600g,2
Marcangelo Foods,4 pk - 675g,1
Marcangelo Foods,175g,1
Marco-Polo,135g,6
Marco-Polo,400g,2
Marco-Polo,200g,1
Maricota,300g,1
Marie Callender's,680g,8
Marie Callender's,Cheesy Chicken & Rice Bowl,2
Marie Callender's,Pulled Pork Mac & Cheese,1
Marie Callender's,MC FOUR CHS RAV 8/312G,1
Marie Callender's,MC 8/897g MEAT MARINARA,1
Marie Callender's,MC 8/879g MEAT LASAGNA,1
Marie Callender's,Chicken Alfedo Bake,1
Marie Callender's,879g,1
Marie Callender's,794g,1
Marie Callender's,1.275kg,1
Marie Callenders,312g,4
Marie Callenders,333g,2
Marie Callenders,879g,1
Marie Callenders,340g,1
Marie Callenders,1.28kg,1
Marie Callender¡¯s?,680g,4
Marie Callender¡¯s?,1.27kg,1
Marie Morin,90g,1
Marie Morin,4x103g,1
Marie Morin,103g,1
Marie Sharp's,148ml,3
Marigold,1 kg / pack,1
Marina,300g,5
Marina Del Rey,680g,2
Marina Del Rey,340g,2
Marina Del Rey,300g,2
Marina Del Rey,250g,2
Marina Del Rey,800g,1
Marina Del Rey,454g,1
Marina del Rey,300g,1
Marinelli,740ml,5
Mario's,Corned Beef 340g,3
Mario's,340g,3
Mario's,Mario's Luncheon Meat,2
Mario's,326g,2
Mario's,Mini Vienna Sausages 113g,1
Mario's,Mario's Flakes of Ham 156g,1
Mario's,Mario's Flakes of Ham,1
Mario's,Mario's Cooked Ham 340g,1
Mario's,Cooked Ham 340g,1
Mario's,Chicken Breast Chunks 127g,1
Mario's,156g,1
Marisco,500g,1
Maritime Pride,Maritime Pride Jumbo White Eggs,1
Mark-Crest,24 Each,2
Mark3,APF Thixotropic Fluoride Gel Strawberry 17oz. Bottle - MARK3,1
Mark3,APF Thixotropic Fluoride Gel Mint 17oz. Bottle - MARK3,1
Mark3,APF Thixotropic Fluoride Gel Grape 17oz. Bottle - MARK3,1
Mark3,APF Thixotropic Fluoride Gel Cherry 17oz. Bottle - MARK3,1
Marketerre,500g,1
Marley,Get UpStand1 Each,2
Marley,Buffalo Soldier1 Each,2
Marley,Simmer Down Decaf1 Each,1
Marley,Sea Salted325g,1
Marley,Oven Roasted350g,1
Marley,Oven Roasted DeluxeUnsalted325g,1
Marley,One Love1 Each,1
Marley,Lively Up1 Each,1
Marley,12 Single serves,1
Marley Coffee,284g,4
Marley Coffee,24un,3
Marley Coffee,24ea,2
Marley Coffee,12ea,2
Marmite,125g,3
Marquis,375ml,1
Marquis,175ml,1
Mars,52g,5
Mars,193g,4
Mars,85g,3
Mars,601g,3
Mars,1.15kg,3
Mars,89.6g,2
Mars,554g,2
Mars,4x52g,2
Mars,400g,2
Mars,208g,2
Mars,Full Size Bar52g,1
Mars,Assorted25 Each,1
Mars,95 Each,1
Mars,89g,1
Mars,825g,1
Mars,57g,1
Mars,50g,1
Mars,50 Each,1
Mars,4x50g,1
Mars,4 Each,1
Mars,165g,1
Mars,109g,1
Mars Mixed,95 Count,1
Mars Mixed,50 Count,1
Mars Mixed,4 Bars,1
Mars Mixed,25 Count Bulk Bag,1
Mars Wrigley Confectionery,25 Packs,2
Mars Wrigley Confectionery,E-MARS MARS ORIG FS 8CT,1
Mars Wrigley Confectionery,95 Count,1
Mars Wrigley Confectionery,50 Count,1
Mars Wrigley Confectionery,400g,1
Mars Wrigley Confectionery,4 Bars,1
Mars Wrigley Confectionery,25 Count Bulk Bag,1
Mars Wrigley Confectionery,25 Count,1
Mars Wrigley Confectionery,193g,1
Marshall's,198g,1
Marshalls,Sardines in tomato sauce,1
Marshmallow Fluff,213g,2
Marshmallow Fluff,Large Format 16 oz 454g,1
Martel,360g,2
Martel,Martel Vita Yogurt & Granola Snack Cup,1
Martel,Martel Vita Rome Chicken Caesar Salad,1
Martel,Martel Vita Miami Chef Salad,1
Martel,Martel Vita Grapes & Cheese Snack Cup,1
Martel,Martel Vita Bangkok Popcorn Chicken Poke Bowl,1
Martel,Martel Selection Chicken Brie Cranberry Roll,1
Martel,Martel Pizzachuck Submarine Multipack,1
Martel,Martel Eggs Combined Plate,1
Martel,Martel Egg Salad Sandwich,1
Martel,Martel Chuckwagon Cold Cuts Submarine Multipack,1
Martel,Martel Chicken Salad Sandwich Tray,1
Martel,Martel Chicken Salad Sandwich,1
Martel,Martel Chicken Combined Plate,1
Martel,480 g total,1
Martel,450g,1
Martel,440 g total,1
Martel,365g,1
Martel,295g,1
Martel,260g,1
Martel,250g,1
Martel,210g,1
Martel,190g,1
Martel,150g,1
Martelli,398ml,3
Martelli,796ml,1
Martelli,580ml,1
Martelli,500ml,1
Martelli,100ml,1
Martin's,425g,4
Martin's Family Fruit Farm,360g,3
Martin's Family Fruit Farm,85g,1
Martin's Family Fruit Farm,1ea,1
Martinelli's,750 Millilitre,2
Martinson,Columbian Decaf1 Each,2
Martinson,325g,2
Martinson,Italian Roast1 Each,1
Martinson,Irish Creme1 Each,1
Martinson,House Blend1 Each,1
Martinson,Hazelnut Creme1 Each,1
Martinson,Donut Shop1 Each,1
Martinson,Dark Roast1 Each,1
Martinson,Cayman Coconut1 Each,1
Martinson,1 Each,1
Maruchan,64g,1
Marukan,355ml,7
Marukan,355 Millilitre,1
Marukome,29g,2
Marukome,27g,2
Marukome,430g,1
Marukome,375g,1
Marusanai,Marusanai Brand Malt Flavored Soy Milk Drink,1
Marutai,187g,2
Marutai,182g,2
Marutai,186g,1
Marutai,185g,1
Marvid,Marvid Kosher Chicken Parts,3
Marvid,Marvid Kosher Turkey Leg,1
Marvid,Marvid Kosher Turkey Breast Cut In Half,1
Marvid,Marvid Kosher Turkey Brease Deboned,1
Marvid,Marvid Kosher Minced Chicken,1
Marvid,Marvid Kosher Chicken Cut In 8 Pieces,1
Marvid,Marvid Kosher Chicken Breast Cut In Half,1
Marvid,Marvid Kosher Boneless Chicken Thighs,1
Marvid,Kosher chicken parts,1
Marvid,Kosher Turkey breast 1/2,1
Marvid,Kosher Turkey Legs,1
Marvid,Kosher Fresh Chicken Parts,1
Marvid,Kosher Chicken Thigh Meat,1
Marvid,Fresh chicken Breast meat Family pack,1
Marvid,Fresh Kosher Chicken,1
Marvid,Fresh Chicken part,1
Marvid Poultry,$22.69/1kg $10.29/1lb,7
Marvid Poultry,$22.02/1kg $9.99/1lb,5
Marvid Poultry,175g,4
Marvid Poultry,$8.80/1kg $3.99/1lb,4
Marvid Poultry,$10.56/1kg $4.79/1lb,4
Marvid Poultry,125g,3
Marvid Poultry,$9.90/1kg $4.49/1lb,3
Marvid Poultry,$9.46/1kg $4.29/1lb,3
Marvid Poultry,$11.66/1kg $5.29/1lb,3
Marvid Poultry,$11.00/1kg $4.99/1lb,3
Marvid Poultry,$6.59/1kg $2.99/1lb,2
Marvid Poultry,$26.43/1kg $11.99/1lb,2
Marvid Poultry,$24.23/1kg $10.99/1lb,2
Marvid Poultry,$23.13/1kg $10.49/1lb,2
Marvid Poultry,$20.92/1kg $9.49/1lb,2
Marvid Poultry,$20.48/1kg $9.29/1lb,2
Marvid Poultry,$19.82/1kg $8.99/1lb,2
Marvid Poultry,$12.10/1kg $5.49/1lb,2
Marvid Poultry,$11.22/1kg $5.09/1lb,2
Marvid Poultry,375g,1
Marvid Poultry,$9.67/1kg $4.39/1lb,1
Marvid Poultry,$9.45/1kg $4.29/1lb,1
Marvid Poultry,$9.24/1kg $4.19/1lb,1
Marvid Poultry,$8.57/1kg $3.89/1lb,1
Marvid Poultry,$8.36/1kg $3.79/1lb,1
Marvid Poultry,$6.37/1kg $2.89/1lb,1
Marvid Poultry,$5.49/1kg $2.49/1lb,1
Marvid Poultry,$5.27/1kg $2.39/1lb,1
Marvid Poultry,$4.39/1kg $1.99/1lb,1
Marvid Poultry,$24.89/1kg $11.29/1lb,1
Marvid Poultry,$21.58/1kg $9.79/1lb,1
Marvid Poultry,$18.72/1kg $8.49/1lb,1
Marvid Poultry,$16.51/1kg $7.49/1lb,1
Marvid Poultry,$13.21/1kg $5.99/1lb,1
Marvid Poultry,$11.88/1kg $5.39/1lb,1
Marvid Poultry,$11.23/1kg $5.10/1lb,1
Marvid Poultry,$10.78/1kg $4.89/1lb,1
Mary Macleod's Short Bread,340g,1
Mary Macleod's Short Bread,180g,1
Mary Macleod's Short Bread,120g,1
Mary's,142g,5
Mary's,Everything156g,3
Mary's,184g,2
Mary's,Original Fig57g,1
Mary's,10 Each,1
Mary's Gone Crackers,184g,1
Mary's Gone Kookies,142g,1
Mary's Organic,184g,2
Mary's Organic Crackers,184g,2
Mary's Organic Crackers,155g,2
Mary's Organic Crackers,142g,2
Mary's Organic Crackers,120g,2
Marys Crackers,184g,6
Marys Crackers,155g,6
Marys Crackers,142g,4
Marys Crackers,120g,2
Marys Organic,Classic156g,1
Marys Organic,120g,1
Marzetti,340g,16
Marzetti,6x340.0g,2
Marzetti,255g,2
Marzetti,250g,2
Marzetti,RANCH VEGGIE DIP SNACK PACK,1
Marzetti,6x43.0g,1
Marzetti,227g,1
Marzetti,106g,1
Marzetti,100g,1
Maseca,1.8kg,2
Maseca,2kg,1
Massibec,454g,5
Massibec,908g,1
Master,760ml,1
Master Baker,275g,2
Master Baker,300g,1
Master's Touch,Organic Red Grapes Master's Touch,1
Masters Best Friend,Duck Jerky1kg,1
Masters Best Friend,Chicken Jerky1kg,1
Mastro,300g,14
Mastro,150g,11
Mastro,125g,9
Mastro,375g,6
Mastro,100g,6
Mastro,600g,5
Mastro,200g,4
Mastro,Fresh100g,3
Mastro,500ml,3
Mastro,250g,3
Mastro,1l,3
Mastro,$35.90/1kg,3
Mastro,"Lactose & Gluten Free
375g",2
,,
Mastro,500g,2
Mastro,$45.90/1kg,2
Mastro,$39.90/1kg,2
Mastro,$32.90/1kg,2
Mastro,$24.90/1kg,2
Mastro,Hot100g,1
Mastro,Hot Genoa100g,1
Mastro,Genoa Salami Hot,1
Mastro,Genoa Original100g,1
Mastro,Extra Hot100g,1
Mastro,Classic100g,1
Mastro,125g sliced,1
Mastro,$52.90/1kg,1
Mastro,$46.90/1kg,1
Mastro,$34.90/1kg,1
Mastro/San Daniele,150g,2
Mastro/San Daniele,Perfect for entertaining.,1
Matcha Ninja,70g,1
Matcha Ninja,15g,1
Matcha Ninja,10un,1
MateLibre,330ml,3
Mateina,355ml,1
Matheson Food Company,350ml,3
Matheson Food Company,171g,3
Matilde Vicenzi,150g,2
Matilde Vicenzi,200g,1
Matilde Vicenzi,125g,1
Matouk,West Indian style hot sauce,1
Matouk,Matouks WI kuchela,1
Matouk,Hot pepper sauce,1
Matouk,Hot calypso sauce,1
Matouk,Guava jam,1
Matouk,Concentrated drink,1
Matouks,300ml,4
Matouks,250ml,2
Matt & Steve's,750ml,7
Matt & Steve's,500ml,4
Matt & Steve's,150g,3
Matt & Steve's,500 Millilitre,1
Matt & Steve's,1.32l,1
Matute,148ml,2
Maui,375 Millilitre,1
Mauna Loa,113g,2
MaunaL,113g,2
MaunaL,100g,1
Maximum,141g,3
Maximum,12x1.0ea,1
Maxtris,220g,2
Maxwel House,864g,1
Maxwell House,292g,16
Maxwell House,117g,11
Maxwell House,150g,9
Maxwell House,30un,7
Maxwell House,285g,6
Maxwell House,900g,5
Maxwell House,631g,5
Maxwell House,108g,5
Maxwell House,12un,4
Maxwell House,114g,4
Maxwell House,864g,3
Maxwell House,240g,3
Maxwell House,14un,3
Maxwell House,MW ICED LATTE FOAM HAZELNUT 165G,2
Maxwell House,MW ICED LATTE FOAM CARAMEL 165G,2
Maxwell House,205g,2
Maxwell House,165g,2
Maxwell House,150G,2
Maxwell House,Maxwell House Instant Coffee,1
Maxwell House,CDN MH ORGNL R&G GRND 864GM 6,1
Maxwell House,Breakfast Blend Tin900g,1
Maxwell House,900 Gram Tin of Coffee,1
Maxwell House,864 g Canister,1
Maxwell House,30 pods,1
Maxwell House,30 Pods,1
Maxwell House,249g,1
Maxwell House,16un,1
MayDing,Mo?os de silicona con bigote para decoraci¨®n de pasteles moldes de Chocolate magdalenas galletas postres Fondant herramienta para hornear,1
MayDing,Molde de tortilla horneado de 1-5 cargado pastel de dibujos animados modelo Diy hogar huevo escalfado amor desayuno hornear abrasivo,1
MayDing,Mini batidores de acero inoxidable batidor peque?o 5 5 pulgadas y 7 pulgadas para batir batir mezclar ingredientes mezclar salsas,1
MayDing,Juego de tenedor de fruta para ni?os palillo de dientes de pl¨¢stico para decoraci¨®n de tartas postres comida aperitivos Mini fiesta Festival de amor 50 unidades,1
MayDing,Juego de bandas de telar de colores para ni?as Kit de fabricaci¨®n de pulseras de Color caramelo banda de goma tejida Kit de pulsera artesanal regalos de juguetes artesanales 600-15,1
MayDing,Escurridor de pl¨¢stico con punta de aguja botella exprimible a prueba de fugas para cocina ensalada salsa 120/250/450ml,1
Maya,1l,1
Mayacamas,28g,1
Mayacamas,22g,1
Mayacamas,19g,1
Maynards,154g,27
Maynards,100g,22
Maynards,315g,20
Maynards,150g,17
Maynards,308g,10
Maynards,816g,7
Maynards,562g,7
Maynards,814g,5
Maynards,185g,5
Maynards,1.12kg,5
Maynards,Theatre Box100g,4
Maynards,1kg,2
Maynards,170g,2
Maynards,Watermelon315g,1
Maynards,Grape154g,1
Maynards,Cherry Blasters308g,1
Maynards,Cherry Blasters154g,1
Maynards,Bulk100g,1
Maynards,Blue Raspberry150g,1
Maynards,Big Heads154g,1
Maynards,Berries150g,1
Maynards,Assorted90 Each,1
Maynards,60g,1
Maynards,600g,1
Maynards,45 Each,1
Maynards,44g,1
Maynards,300g,1
Maynards,24 Each,1
Maynards,212g,1
Maynards,180g,1
Maynards,165g,1
Maynards,163 Millilitre,1
Maynards,133g,1
Maynards,120g,1
Maynila's Choice,220g,1
Maynila's Choice Brand,454g,1
Mayte Maduritos,95g,1
Mayte Maduritos,85g,1
Mazola,1.18l,11
Mazola,2.84l,8
Mazola,1.18 Litre,3
Mazola,2.84 Litre,2
Mazola,946ml,1
Mazola,946 Millilitre,1
Mazola,2.8l,1
Mazzetti,500 Millilitre,1
Ma?arico,165g,3
Ma?arico,250ml,2
Ma?arico,796ml,1
Ma?arico,750ml,1
Ma?arico,450g,1
Ma?arico,250g,1
Ma?arico,200g,1
Ma?arico,150g,1
Ma?arico,1.13l,1
Mc Dairy,500g,9
Mc Dairy,1l,7
Mc Dairy,1kg,4
Mc Dairy,750ml,2
Mc Dairy,300g,2
Mc Dairy,750g,1
Mc Dairy,650g,1
Mc Dairy,400g,1
Mc Dairy,2kg,1
Mc Vities,400g,1
Mc Vities,300g,1
McAuslan Brewery,473ml,1
McCafe,12ea,7
McCafe,340g,6
McCafe,300g,6
McCafe,30ea,5
McCafe,10ea,5
McCafe,100g,5
McCafe,640g,4
McCafe,950g,3
McCafe,900g,3
McCafe,875g,3
McCafe,30 count,3
McCafe,12 count,3
McCafe,10 Count,3
McCafe,Medium Dark340g,2
McCafe,48ea,2
McCafe,12 Each,2
McCafe,12 Count,2
McCafe,Medium Dark950g,1
McCafe,Medium Dark900g,1
McCafe,Medium Dark30 Each,1
McCafe,Medium Dark12 Each,1
McCafe,Med-Dark12 Each,1
McCafe,Ground Coffee,1
McCafe,48 count,1
McCafe,30 Each,1
McCafe,24 count,1
McCafe,24 Each,1
McCafe,14 T-Discs,1
McCafe,12x12.0ea,1
McCafe,10 Each,1
McCafe,1 Each,1
McCaf¨¦,12un,3
McCaf¨¦,340g,2
McCaf¨¦,30un,2
McCaf¨¦,10un,2
McCaf¨¦,100g,2
McCaf¨¦,950g,1
McCaf¨¦,900g,1
McCaf¨¦,875g,1
McCaf¨¦,640g,1
McCaf¨¦,48un,1
McCaf¨¦,300g,1
McCaf¨¦,14un,1
McCain,650g,65
McCain,600g,44
McCain,800g,22
McCain,400g,20
McCain,510g,19
McCain,1.5kg,15
McCain,200g,12
McCain,454g,10
McCain,1.2kg,10
McCain,540g,8
McCain,340g,8
McCain,300g,6
McCain,750g,5
McCain,624g,5
McCain,567g,5
McCain,1.9kg,4
McCain,510?g,3
McCain,1.8kg,3
McCain,1.4kg,3
McCain,6 Each,2
McCain,3x300g,2
McCain,3 x 100g,2
McCain,Three Cheese6 Each,1
McCain,Potato Egg and Sausage200g,1
McCain,Egg and Bacon Breakfast Bowl200g,1
McCain,500g,1
McCain,4-pk340 g340g,1
McCain,4 Each,1
McCain,1.5 Each,1
McCain,1.3kg,1
McCain?,6 x 100g,7
McCain?,12 x 100g,4
McCain?,6 x 90g,2
McCain?,3 x 100g,2
McCain?,600g,1
McCain?,20 Pack,1
McCann's,454g,2
McCormick,New Bottle Peak Freshness,4
McCormick,56g,3
McCormick,38g,3
McCormick,30g,3
McCormick,27g,3
McCormick,15g,2
McCormick,53g,1
McCormick,4g,1
McCormick,41g,1
McCormick,40g,1
McCormick,35g,1
McCormick,32g,1
McCormick,26g,1
McCormick,24g,1
McCormick,23g,1
McCormick,17g,1
McCormick,13g,1
McCormick,11g,1
McCormick Gourmet,56g,3
McCormick Gourmet,10 Each,3
McCormick Gourmet,38g,2
McCormick Gourmet,32g,2
McCormick Gourmet,30g,2
McCormicks,56g,13
McCormicks,32g,13
McCormicks,30g,12
McCormicks,38g,11
McCormicks,33g,9
McCormicks,40g,8
McCormicks,35g,5
McCormicks,1un,5
McCormicks,14g,5
McCormicks,946ml,4
McCormicks,37g,4
McCormicks,54g,3
McCormicks,42g,3
McCormicks,28g,3
McCormicks,27g,3
McCormicks,13g,3
McCormicks,105g,3
McCormicks,750g,2
McCormicks,74g,2
McCormicks,62g,2
McCormicks,53g,2
McCormicks,45g,2
McCormicks,41g,2
McCormicks,36g,2
McCormicks,23g,2
McCormicks,15g,2
McCormicks,11g,2
McCormicks,Dino Sours100g,1
McCormicks,7g,1
McCormicks,61g,1
McCormicks,5g,1
McCormicks,51g,1
McCormicks,46g,1
McCormicks,43g,1
McCormicks,34g,1
McCormicks,29g,1
McCormicks,26g,1
McCormicks,24g,1
McCormicks,233g,1
McCormicks,21g,1
McCormicks,0.5g,1
McFadgen's,580g,1
McIlhenny Co.,57ml,2
McIlhenny Co.,142ml,1
McLean,250g,2
McSweeney's,80g,8
McSweeney's,200g,5
McSweeney's,70g,3
McSweeney's,85g,2
McSweeney's,235g,2
McSweeney's,125g,2
McSweeney's,6 Each,1
McSweeney's,150g,1
McSweeney`s,90g,1
McSweeneys,125g,3
McSweeneys,150g,2
McSweeneys,70g,1
McSweeny's,80g,1
McSweenys,Pepperoni & Cheese Snack 150g,1
McVitie's,300g,5
McVitie's,400g,2
McVitie's,300 GR,2
McVitie's,McVities Rich Tea is a type of sweet biscuit,1
McVitie's,400 GR,1
Mccormick,14g,4
Mccormick,7g,3
Mccormick,38g,3
Mccormick,37g,3
Mccormick,35g,3
Mccormick,33g,3
Mccormick,32g,3
Mccormick,40g,2
Mccormick,30g,2
Mccormick,28g,2
Mccormick,13g,2
Mccormick,8g,1
Mccormick,64g,1
Mccormick,5g,1
Mccormick,57g,1
Mccormick,54g,1
Mccormick,44g,1
Mccormick,43g,1
Mccormick,42g,1
Mccormick,36g,1
Mccormick,34g,1
Mccormick,31g,1
Mccormick,29g,1
Mccormick,26g,1
Mccormick,24g,1
Mccormick,22g,1
Mccormick,11g,1
Mccormick,10g,1
Mccormick,0.5g,1
Mccormicks,300g,3
Mcilhenny Co.,57ml,2
Mclean Meats,100g,1
Mcsweeneys,70g,1
Mcsweeneys,175g,1
Mcsweeneys,100g,1
Meal Mart,680g,1
Meal Mart,285g,1
Mechaalany,500ml,1
Medi-Temp,368g,1
Mediterranean,350g,2
Meera,1.81kg,1
Mega,155g,4
Mehadrin,170g,16
Mehadrin,150g,9
Mehadrin,227g,8
Mehadrin,500g,5
Mehadrin,375g,5
Mehadrin,125g,5
Mehadrin,800g,4
Mehadrin,453g,4
Mehadrin,113g,4
Mehadrin,907g,3
Mehadrin,2l,3
Mehadrin,99g,2
Mehadrin,500 - 600g,2
Mehadrin,YoBar,1
Mehadrin,Yo Bar,1
Mehadrin,Whipped Butter,1
Mehadrin,Unsalted 0g Trans-Fat Mehadrin Margarine,1
Mehadrin,Partly Skimmed Milk 1% 2l,1
Mehadrin,Milk 2% 2LT,1
Mehadrin,Milk 2% 1LT,1
Mehadrin,Mehadrin fit'nfree Light Greek Cheese Snack,1
Mehadrin,Mehadrin chocolate milk 1%,1
Mehadrin,Mehadrin YoBar Coffee Greek Yogurt Dipped in Chocolate,1
Mehadrin,Mehadrin Yo Bar Vanilla Greek Yogurt,1
Mehadrin,Mehadrin Unsalted Sweet Whipped Butter,1
Mehadrin,Mehadrin Partly Skimmed Chocolate Milk 1% 500ml,1
Mehadrin,Mehadrin Partly Skimmed 2% 1LT. Milk,1
Mehadrin,Mehadrin Kosher Stewing Beef,1
Mehadrin,Mehadrin Kosher Beef Rib Steak,1
Mehadrin,Mehadrin Kosher Beef Miami Ribs,1
Mehadrin,Mehadrin Greek yogurt Cappuccino BIG 2 Lb,1
Mehadrin,Mehadrin Blended Lowfat Vanilla Yogurt,1
Mehadrin,Mehadrin 2% Partly Skimmed Milk,1
Mehadrin,Mehadrin 1% Chocolate Milk 200ml,1
Mehadrin,Margarine,1
Mehadrin,Light greek cheese snack,1
Mehadrin,Leben Chocolate,1
Mehadrin,Greek yogurt Vanilla,1
Mehadrin,Greek yogurt,1
Mehadrin,Greek Cheese,1
Mehadrin,GREEK YOGURT,1
Mehadrin,Cottage cheese creamed,1
Mehadrin,Cottage cheese,1
Mehadrin,Cottage Cheese 0.1%,1
Mehadrin,Chocolate milk 1l,1
Mehadrin,Chocolate milk,1
Mehadrin,Chocolate Milk 500ml,1
Mehadrin,Butter,1
Mehadrin,Blended Lowfat Yogurt Vanilla,1
Mehadrin,Blended Lowfat Yogurt,1
Mehadrin,BLNDZ,1
Mehadrin,85g,1
Mehadrin,750ml,1
Mehadrin,750g,1
Mehadrin,600 - 700g,1
Mehadrin,454g,1
Mehadrin,400 - 500g,1
Mehadrin,375 - 475g,1
Mehadrin,369g,1
Mehadrin,330 - 420g,1
Mehadrin,250ml,1
Mehadrin,25% 2LT,1
Mehadrin,200ml,1
Mehadrin,1l,1
Mehadrin,142g,1
Mehadrin,12x453.0g,1
Mehadrin,1.9 - 1.20kg,1
Mehadrin,1.89l,1
Mehadrin,0.02,1
Mehadrin,0% (no fat) cottage cheese,1
Mehoudar,398ml,1
Meiji,60g,7
Meiji,57g,6
Meiji,258g,3
Meiji,63.75g,2
Meiji,Meiji - Yan Yan Strawberry,1
Meiji,Meiji - Yan Yan Chocolate,1
Meiji,56g,1
Meiji,52g,1
Mejicano,400g,5
Mejicano,564g,2
Mejicano,540g,2
Mekong,8kg,1
Melinda's,148ml,2
Melinda's,MELINDA'S TSC SAUCE,1
Melinda's,MELINDA'S Ghost Pepper Wing Sauce,1
Melinda's,MELINDA'S Black Truffle Hot Sauce,1
Melinda's,355ml,1
Melinda's,355g,1
Melindas,148g,3
Melindas,Creamy Style Ghost Pepper Wing Sauce355 Millilitre,1
Melindas,Black Truffle355 Millilitre,1
Melindas,148 Millilitre,1
Melitta,907g,9
Melitta,930g,4
Melitta,40un,4
Melitta,80un,2
Melitta,80 Each,2
Melitta,this sustainably sourced whole bean coffee delivers a sweet treat every time.,1
Melitta,smooth finish. Superbly Balanced. Never Bitter.,1
Melitta,nutty aftertaste.,1
Melitta,clean finish.,1
Melitta,Pack of 80,1
Melitta,Pack of 100,1
Melitta,930 g Tin,1
Melitta,80 filters,1
Melitta,40ct,1
Melitta,40 Each,1
Melitta,200un,1
Melitta,200 Filters,1
Melitta,100un,1
Melitta,100 basket filters,1
Melitta,100 Each,1
Melitta,100 Count,1
Melitta,1 Manual Brewer,1
Melitta Canada Inc,100 white filters,1
Melitta Canada Inc,100 filters,1
Melitta Canada Inc.,100 Count,1
Melo Abreu,case pack 6x250ml,1
Melo Abreu,6x330ml,1
Melo Abreu,6x250ml,1
Melt,368g,4
Melt,454g,3
Melt,MELT Buttery Spread,1
Menard,500g,1
Mendelsohn's,1.02kg,1
Mendelsohns,450g,1
Mentos,50ea,4
Mentos,37g,4
Mentos,37.5g,4
Mentos,50 Each,3
Mentos,60g,2
Mentos,4x37g,2
Mentos,4x37.0g,2
Mentos,4ea,2
Mentos,21g,2
Mentos,4 Each,1
Mentos,280g,1
Mentos,25.5g,1
Mentos,178g,1
Merci,200g,2
Merci,400g,1
Mere Michel,190g,2
Merit,4x80g,5
Merit,4x65g,4
Merit,6x54g,3
Merit,2x105g,3
Merit,12x26g,3
Merit,4x85g,2
Merit,455g,2
Merit,450g,2
Merit,2x57g,2
Merit,1un,2
Merit,15x39g,2
Merit,865g,1
Merit,860g,1
Merit,740g,1
Merit,6x76g,1
Merit,6x62g,1
Merit,6x57g,1
Merit,6 in - 550g,1
Merit,540g,1
Merit,500g,1
Merit,4x90g,1
Merit,4x88g,1
Merit,4x110g,1
Merit,482g,1
Merit,480g,1
Merit,468g,1
Merit,465g,1
Merit,2x95g,1
Merit,2x70g,1
Merit,2x170g,1
Merit,2x130g,1
Merit,2x125g,1
Merit,282g,1
Merit,240g,1
Merit,15x33g,1
Merit,10x57g,1
Merit,10x37g,1
Merit,10x34g,1
Merit,100g,1
Merite,8x13g,6
Merite,24x13g,6
Merite,2x145g,2
Merite,2x135g,1
Merite,2x130g,1
Merite,2x125g,1
Mesase,MesaSe Bread Box with Handle Portable Loaf Cake Container Plastic Rectangular Food Storage Keeper Carrier 13inch Translucent Dome for Pastries Bagels Bread Rolls Buns or Baguettes (Whi,1
Mesase,MesaSe 1 Set Condiment Jar Transparent Food Grade Good Seal Effect Non-Slip Base Moisture-proof Compact Clear 4 Grids Salt Pepper Seasoning Box with Spoons Home Supplies,1
Messini,750ml,1
Mestemacher,500g,12
Mestemacher,MESTEMACHER ALMOND PROTEIN BREAD,1
Mestemacher,MEST-WHOLE GRAIN MUESLI,1
Mestemacher,MEST-FRUIT MUESLI,1
Mestemacher,250g,1
Metro,1un,5
Metro,,1
Meyer,142g,1
Meyer,141g,1
Meyer's,630g,1
Meze,Meze Fine Foods Vegetable Medley,1
Meze,Meze Fine Foods Mixed Hot Chilies,1
Meze,Meze Fine Foods Girdiniera,1
Mezzetta,375 Millilitre,5
Mezzetta,709ml,4
Mezzetta,375ml,4
Mezzetta,709 Millilitre,3
Mezzetta,398ml,2
Mezzetta,398 Millilitre,2
Mezzetta,250 Millilitre,2
Mezzetta,296ml,1
Mezzetta,296 Millilitre,1
Mezzetta,283g,1
Mezzetta,250ml,1
Mezzetta,212g,1
Mezzetta,118 Millilitre,1
MhckMvyJX4IKdfhYlsF7aGoulI9BVSf74qXezcZEysY3KrGKSqW1up2EX6DU,7l464DgyqM5FYzYmB4Q8AdJCs08VygMNCd8tS0DfGhOgsBEd1FFOwErLwG36,1
Mi Sedaap,5x90.0g,1
Mi Sedaap,5x1.0ea,1
Mi-Del,227g,2
MiO,48ml,48
MiO,10pk,5
MiO,45g,4
MiO,10un,4
MiO,40g,2
MiO,33g,2
MiO,31g,2
MiO,26g,2
MiO,22g,2
MiO,48ml?,1
MiO,38g,1
MiO,1l,1
Micau,sell quantity 250g,1
Micau,sell quantity 150g,1
Micau,80g,1
Micau,250g,1
Michel Jodoin,750ml,2
Michelina,255g,16
Michelina,454g,12
Michelina,227g,4
Michelina,284g,2
Michelina,156g,2
Michelina,Grilled cooked chicken with vegetables and rice,1
Michelina's,255g,17
Michelina's,454g,4
Michelina's,227g,3
Michelina's,Pizza Snax Pepperoni,1
Michelina's,Fettuccine Alfred w/Chkn & Brc,1
Michelina's,284g,1
Michelina's,156g,1
Michelinas Grande,1 Pound,1
Michelle Farms,85G,1
Michelob,6x473.0ml,1
Michelob,473ml,1
Michelob,30x355.0ml,1
Mid-Day Squares,33g,5
Mid-Day Squares,396g,3
Mid-Day Squares,132g,3
Mid-Day Squares,12x33g,1
Midday Squares,33g,5
Midel,227g,4
Midi,350g,2
Midi,280g,1
Miel Morand,250ml,1
Migdal,Migdal 16 Slice White cheese,1
Migdal,MIGDAL American Pasteurized Process Cheese Food,1
Migdal,MIGDAL American Pasteurized Process American Cheese,1
Migdal,American Cheese,1
Migdal,170g,1
Migdal,113g,1
Migdal,1.36kg,1
Mike and Ike,141g,4
Mike and Ike,Mike and Ike Original Fruits chewy candy,1
Mike and Ike,Mike and Ike Mega Mix chewy candy,1
Mike and Ike,Mike and Ike Berry Blast chewy candy,1
Mike&Ike,120g,2
Mikee,708g,1
Mikee,566g,1
Mikee,340g,1
Mikes,700ml,4
Mikes,275g,4
Mikes,871g,2
Mikes,845g,2
Mikes,840g,2
Mikes,830g,2
Mikes,820g,2
Mikes,777g,2
Mikes,435ml,2
Mikes,250g,2
Mikes,860g,1
Mikes,805g,1
Mikes,740g,1
Mikes,720g,1
Mikes,530g,1
Miki,300g,1
Milaget,Cat Cardboard House Cat Scratcher Hideout for Kitten Cat Small Animals Gift Box,1
Milano,200g,5
Milano,150g,3
Milano,peanut free biscuit.,1
Milano,Peanut free biscuits.,1
Milano,Fruit Cake Panettone (Cello),1
Milano,Chocolate Chip Panettone (Cello),1
Milano,800g,1
Milano,400g,1
Milano Coffee,340g,1
Mili,8kg,1
Mili,400ml,1
Milk 2 Go,473ml,11
Milk 2 Go,310ml,9
Milk 2 Go,325ml,7
Milk 2 Go,6x200.0ml,4
Milk 2 Go Sport,325 Millilitre,1
Milk-Bone,113g,2
Milk2Go,12 x 310ml,3
Milka,100g,11
Milka,150g,3
Milka,87g,2
Milka,156g,1
Milka,112g,1
Milkis,1.5 Litre,1
Mill Street,6x473.0ml,1
Mill Street,473ml,1
Mille Fleurs,250ml,3
Miller,6x473.0ml,2
Miller,6x355.0ml,1
Miller,509g,1
Miller,340g,1
Miller,227g,1
Miller,170g,1
Miller's,Miller's american Pasteurized Process Cheese,1
Miller's,American cheese,1
Miller's Dairy,227g,1
Millet,Bulk100g,1
Millionnaires,50g,3
Millionnaires,106g,2
Milo,400g,1
Mina,1ea,8
Mina,Value Pack,2
Mina,600g,2
Mina,800g,1
Mina,720g,1
Mina,7 Drumsticks,1
Mina,454g,1
Mina,450g,1
Mina,4 Breasts,1
Mina,296g,1
Mina,1.53 - 1.87kg,1
Mina,1.44 - 1.76kg,1
Mina,1.43 - 1.75kg,1
Mina,1.38 - 1.68kg,1
Mina,0.62 - 0.76kg,1
Minatsu,1.3kg,1
Minecraft Cereal 227Gx10,Minecraft Cereal 227Gx10,1
Mini,6 Each,2
Mini Crush,1.4kg,2
Mini Wheats,MW Original CRL 460GX12,1
Mini Wheats,MW Brown Sugar CRL 460GX12,1
Mini Wheats Low Sugar Cereal 450Gx12,Mini Wheats Low Sugar Cereal 450Gx12,1
Mini eggs,380g,1
Mini eggs,170g,1
Mini-Wheats!,430g,1
Minigo by Yoplait,6 x 60g,2
Mint,Fresh1 Each,1
Minute,Minute Rice Wholegrain Brown 1.2kg,1
Minute,Minute Rice White Cups 250g,1
Minute,Minute Rice Vegetable Medley Cups 250g,1
Minute,Minute Rice Quick Cook Long Grain White Rice 700g,1
Minute,Minute Rice Quick Cook Long Grain White 2.6 kg Jumbo,1
Minute,Minute Rice Quick Cook Basmati 500g,1
Minute,Minute Rice Mexican Rice Cups 250g,1
Minute,Minute Rice Long Grain & Wild Rice - Fine Herbs Cups 2x125g (250g),1
Minute,Minute Rice Jasmine Cups 250g,1
Minute,Minute Rice Fried Rice Cups 250g,1
Minute,Minute Rice Chicken & Herb Cups 2x125g (250g),1
Minute,Minute Rice Basmati Cups 250g,1
Minute Maid,295ml,35
Minute Maid,1.54l,16
Minute Maid,295 Millilitre,13
Minute Maid,1l,12
Minute Maid,295 xml,11
Minute Maid,8x200.0ml,10
Minute Maid,200 xml,9
Minute Maid,8x200ml,6
Minute Maid,10x200.0ml,6
Minute Maid,1.75l,6
Minute Maid,8 Each,3
Minute Maid,250ml,3
Minute Maid,10x200ml,3
Minute Maid,1.75 xl,3
Minute Maid,1.54 Litre,3
Minute Maid,1.54,3
Minute Maid,1 Litre,3
Minute Maid,l,2
Minute Maid,95g,2
Minute Maid,351g,2
Minute Maid,100g,2
Minute Maid,10 Each,2
Minute Maid,Minute Maid Zero Sugar lemonade 2.63l,1
Minute Maid,Minute Maid Zero Sugar Strawberry lemonade 1.54l,1
Minute Maid,Minute Maid Zero Sugar Pineapple 1.54l,1
Minute Maid,Minute Maid Zero Sugar Fruit Punch 2.63l,1
Minute Maid,475g,1
Minute Maid,355ml,1
Minute Maid,200 Millilitre,1
Minute Maid,170g,1
Minute Maid,1.89l,1
Minute Maid,1.89 xl,1
Minute Maid,1.89 Litre,1
Minute Maid,1,1
Minute Rice,250g,10
Minute Rice,500g,6
Minute Rice,2x125g,6
Minute Rice,700g,4
Minute Rice,1.4kg,4
Minute Rice,1.2kg,4
Minute Rice,600g,3
Minute Rice,350g,2
Minute Rice,2.6kg,2
Minute Rice,2kg,1
Minute Rice,125g,1
Minute Rice ?,600g,1
Minute Rice ?,1.4kg,1
Mio,48 Millilitre,12
Mio,32g,4
Mio,52 Millilitre,2
Mio,100g,2
Mio,351g,1
Mio,33g,1
Mio,24g,1
Mio Gassosa,1l,1
Mirabel,2un,2
Miracle Noodle,261g,1
Miracle Noodle,260g,1
Miracle Whip,890ml,3
Miracle Whip,650ml,3
Miracle Whip,1.5l,1
Mirage,41g,1
Mirage,4 x 164g,1
Miron,ORZO PASTA,1
Misko,500g,8
Misko,250g,1
Miso Massawippi,200g,1
Miss 'P',375ml,4
Miss Vickie's,200g,13
Miss Vickie's,200GM,8
Miss Vickie's,59g,5
Miss Vickie's,190g,3
Miss Vickie's,275g,2
Miss Vickie's,275GM,2
Miss Vickie's,66g,1
Miss Vickie's,200 GM,1
Miss Vickie's,10ct,1
Miss Vickies,200g,25
Miss Vickies,Potato Chips200g,8
Miss Vickies,59g,8
Miss Vickies,Potato Chips - Value Size275g,2
Miss Vickies,275g,2
Miss Vickies,Value Size275g,1
Miss Vickies,Sweet & Spicy Ketchup Flavour190g,1
Miss Vickies,190g,1
Mississippi,375 Millilitre,1
Mistaha,Mistaha Youpin Jordan Judy Household Sealed Seasoning Jars Kitchen Oil Soy Sauce Salt Tank Leakproof,1
Mistaha,Mistaha Unbleached Dripper Filter Cone Paper Coffee Filter V Shaped Coffee Filters Pour Over Filter,1
Misura,400g,4
Misura,380g,1
Misura,285g,1
Mitchell's,380g,6
Mitchell's,450g,2
Mitchell's,1kg,2
Mitchell's,Family Pack18 Each,1
Mitchell's,Family Pack1.5kg,1
Mitchell's,BONELESS MIX PICKLE LARGE,1
Mitchell's,750g,1
Mitchell's,330g,1
Mitchell's,280g,1
Mitchell's,1.5kg,1
Mitchell's Gourmet Foods,190g,2
Mitchell's Gourmet Foods,750g,1
Mitchell's Gourmet Foods,375g,1
Mitchell's Gourmet Foods,1kg,1
Mitchell's Gourmet Foods,1.5kg,1
Mitchell's Soup Co,400g,2
Mitchell's Soup Co,390g,2
Mitchell's Soup Co,350g,2
Mitchell's Soup Co,82g,1
Mitchell's Soup Co,396g,1
Mitchell's Soup Co,340g,1
Mitchell's Soup Co,284g,1
Mitchell's Soup Co,115g,1
Mitchells,500g,2
Mitchells,1kg,1
Mitsu,355ml,1
Mixed Beans,Bulk100g,1
Mixed Chicks,782g,1
Mixed Nuts,Bulk100g,4
Mixed Nuts,Roasted & SaltedBulk100g,1
Miyoko's,227g,2
Mizkan,355ml,3
Mizkan,473ml,1
Modelo,6x355.0ml,1
Mofou,Painting Listing 5d Diy Cat Rhinestone Art Kits Gift Home Decoration,1
Mofou,4pcs Sports Glasses Rope Fixed Anti-slip Chain Anti-lost Belt Swimming Goggle Adjustable Lanyard Movement Glasses Accessories (brown,1
Mofou,3 Pcs Fruit Tree Branch Crutch-plant Branch Support Decorative Branches Bracket,1
Mogu Mogu,6x320.0ml,4
Mogu Mogu,1l,3
Mohu,ALLSORTS,1
Moishes,1l,4
Moishes,454g,2
Moishes,400g,2
Molinaro's,890g,2
Molinaro's,620g,2
Molinaro's,580g,1
Molisana,450g,47
Molisana,680ml,6
Molisana,375ml,6
Molisana,1kg,5
Molisana,750ml,4
Molisana,500ml,4
Molisana,250ml,4
Molisana,400g,3
Molisana,340ml,3
Molisana,250g,3
Molisana,580ml,2
Molisana,500g,2
Molisana,284g,2
Molisana,170ml,2
Molisana,85g,1
Molisana,796ml,1
Molisana,450?g,1
Molisana,340g,1
Molisana,320g,1
Molisana,314ml,1
Molisana,270g,1
Molisana,1l,1
Molisana,150g,1
Molisana,1000g,1
Molson,12x355.0ml,2
Molson,12 Each,2
Molson,lager taste without Alcohol,1
Molson,Molson Exel Beer 12x355ml,1
Molson,Heineken 0.0 Btl 330ml NonAlc,1
Molson,6x473.0ml,1
Molson,6x355.0ml,1
Molson,6 Each,1
Molson,473ml,1
Molson,24x355ml - cans,1
Molson,24x355.0ml,1
Molson Canadian,4x222.0ml,1
Mom's,500g,1
Mom's,450g,1
Mom's Best,250g,4
Mom's Best,600g,1
Mom's Best,200g,1
MonCuisin,283g,5
Monarch,2kg,1
Monde,130g,5
Monde,12 x 14 g (168 g),1
Monde M.Y.San,10x30g,1
Mondoux,185g,4
Mondoux,400g,3
Mondoux,1500g,2
Mondoux,115g,2
Mondoux,350g,1
Mondoux,1.5kg,1
Money's,284 Millilitre,3
Money's,340g,2
Monini,1l,4
Monini,500ml,1
Monini,250g,1
Monsey Dairy,168g,2
Monsieur Gustav,170g,19
Monsieur Gustav,125g,11
Monsieur Gustav,190g,7
Monsieur Gustav,100g,3
Monsieur Gustav,1 piece,3
Monsieur Gustav,350g,2
Monsieur Gustav,325g,2
Monsieur Gustav,300g,2
Monsieur Gustav,200g,2
Monsieur Gustav,400g,1
Monsieur Gustav,250g,1
Monsieur Gustav,$46.90/1kg,1
Monsieur Gustav,$34.90/1kg,1
Monsieur Gustav,$29.90/1kg,1
Monster,473ml,37
Monster,473 Millilitre,18
Monster,4x473ml,11
Monster,444ml,7
Monster,4 Each,5
Monster,8x355ml,4
Monster,444 Millilitre,4
Monster,355ml,4
Monster,458 Millilitre,3
Monster,710 Millilitre,2
Monster,458ml,2
Monster,Ultra Watermelon473 Millilitre,1
Monster,710ml,1
Monster,485 Millilitre,1
Monster,240ml,1
Monster,12 Each,1
Monster,10 calories to refresh and energize with Monster's proprietary energy blend.,1
Monster Energy,473ml,43
Monster Energy,444ml,8
Monster Energy,4x473.0ml,7
Monster Energy,458ml,6
Monster Energy,12x473.0ml,3
Monster Energy,8x355.0ml,2
Monster Energy,710ml,2
Monster Energy,473ml can,2
Monster Energy,4 x 473ml,2
Monster Energy,Monster Zero Ultra 473ml,1
Monster Energy,Monster Ultra Rosa,1
Monster Energy,Monster Ultra Red Can,1
Monster Energy,Monster Mango Loco,1
Monster Energy,Monster Energy Ultra Paradise,1
Monster Energy,"8 pack
56?/100ml",1
,,
Monster Energy,"8 Pack
56?/100ml",1
,,
Montalva,sell quantity 160g (6pcs can),1
Montana,375g,3
Montana,650g,2
Montana's,650g,4
Montana's,350ml,2
Montana's,180g,2
Montana's,170g,2
Montana's,906g,1
Monte Cristo Bakery,550g,1
Monte Cristo Bakery,500g,1
Montellier,1l,16
Montellier,10x355ml,9
Montellier,10x355.0ml,9
Montellier,10 Each,3
Montellier,6x1l,2
Montellier,6x1.0l,2
Montellier,6X1l,2
Montellier,1?l,2
Montellier,Lemon Flavour1 Litre,1
Montellier,500 Millilitre,1
Montellier,1 Litre,1
Montpak,$33.05/1kg $15.00/1lb,3
Montpak,454g,2
Montpak,$28.64/1kg $12.99/1lb,2
Montpak,$52.89/1kg $24.00/1lb,1
Montpak,$35.25/1kg $15.99/1lb,1
Montpak,$34.15/1kg $15.49/1lb,1
Montpak,$30.84/1kg $13.99/1lb,1
Montpak,$27.54/1kg $12.50/1lb,1
Montpak,$25.33/1kg $11.49/1lb,1
Montpak,$22.02/1kg $9.99/1lb,1
Montreal Kosher,567g,10
Montreal Kosher,510g,3
Montreal Kosher,240g,2
Montreal Kosher,6un,1
Montreal Kosher,312g,1
Montreal Kosher,284g,1
Moon Cheese,57g,2
Moong Pani,108g,5
Moosehead,6x473.0ml,1
Moosehead,473ml,1
"More options from $1,199",Qiopertar Clearance Home Decor Printed Kitchen Oil Barrier High Temperature Aluminum Foil Oil Baffle under $2 Saving Up To 99% Off,1
More options from $1.02,Qiopertar Clearance Home Decor Popsicle Holders Bags Reusable Washable Ice Popsicle Holders 10pc under $2 Saving Up To 99% Off,1
More options from $1.03,Qiopertar Clearance Home Decor Printed Kitchen Oil Barrier High Temperature Aluminum Foil Oil Baffle under $2 Saving Up To 99% Off,1
More options from $1.08,Qiopertar Clearance Home Decor Coffee Cup Filter Screen Double-layer Portable Hand Brewed Coffee Folding Ear Filter Drip Coffee Coffee Cup under $2 Saving Up To 99% Off,1
More options from $1.09,Fruit Food Candy Stand For Christmas,1
More options from $1.10,Fufafayo Clearing d¨¦coration de maison 1 x Maison transparent sauce bouteille cuisine assaisonnement bouteille moins de 5 $?conomisez jusqu'¨¤ 90% Clearing livraison gratuite,1
More options from $1.14,Qiopertar Clearance Home Decor Coffee Filter Cup Drip Cup Hand-brewed Coffee Cup Drip Filter Coffee Filter Cup For Hiking Camping Home Office under $2 Saving Up To 99% Off,1
More options from $1.15,Qiopertar Clearance Home Decor Easter 6 With 15 With Diy Chocolate Candle under $2 Saving Up To 99% Off,1
More options from $1.19,Fufafayo Flash Deals of the Day 50pcs Empty Teabags String Heat Filter Paper Herb Loose Tea Bag Clearance Saving Up To 65% Off,1
More options from $1.39,open Season Coffee Paper Unbleached Natural Brown 100 Sheets Large Capacity Filter Paper,1
More options from $1.39,50pcs Empty Teabags String Heat Filter Paper Herb Loose Tea Bag,1
More options from $1.49,Non-woven fabric Akmoler,3
More options from $1.49,PP+PS Akmoler,2
More options from $1.64,Qiopertar Clearance Home Decor Portable Snack Platter Compartmentalized Storage Snack Candy Box under $2 Saving Up To 99% Off,1
More options from $1.66,Qiopertar Les lacunes Un ensemble pratique de spatules pour manger la derni¨¨re goutte de r¨¦cipient difficile ¨¤ atteindre Offres pour moins de 5 $cette semaine ?conomisez jusqu'¨¤ 90%,1
More options from $1.73,special anti-spilling food noodle drainer for pot liner for Home,1
More options from $1.73,special anti-spilling food noodle drainer for pot liner Weekly Deals,1
More options from $1.78,Xihbxyly organizer Box Segmented Candy Box Household Nut Box Dried Fruit Box Living Room Snack Box Plastic Fruit Box Snack Box,1
More options from $1.78,Xihbxyly Storage Containers Segmented Candy Box Household Nut Box Dried Fruit Box Living Room Snack Box Plastic Fruit Box Snack Box,1
More options from $1.78,XWSHYW organizer Box Segmented Candy Box Household Nut Box Dried Fruit Box Living Room Snack Box Plastic Fruit Box Snack Box,1
More options from $1.78,XWSHYW Storage Containers Segmented Candy Box Household Nut Box Dried Fruit Box Living Room Snack Box Plastic Fruit Box Snack Box,1
More options from $1.78,Fiudx organizer Box Segmented Candy Box Household Nut Box Dried Fruit Box Living Room Snack Box Plastic Fruit Box Snack Box,1
More options from $1.78,Fiudx Storage Containers Segmented Candy Box Household Nut Box Dried Fruit Box Living Room Snack Box Plastic Fruit Box Snack Box,1
More options from $1.79,Lisbinx Human Shaped Tea Filter Tea Making Machine Stainless Steel Tea Glass Tea Making Machine Tea Filter Creative Tea Glass Weekly Deals,1
More options from $1.83,Plastic Flavor Rings Fruity Flavor Promote Drink Flavour Pods Aroma Rings Hot ¦Ø¦Å,1
More options from $1.84,Weekly Deals,1
More options from $1.84,Flash Deals,1
More options from $1.84,Deals,1
More options from $1.97,Coffee Cup Filter Screen Double-layer Portable Hand Brewed Coffee Folding Ear Filter Free Drip Coffee Coffee Cup,1
More options from $1.97,50pcs Empty Teabags String Heat Filter Paper Herb Loose Tea Bag,1
More options from $1.98,Usmixi Holiday Saving Clear Frosted Pencil Holders Desktop Storage Makeup Brush Storage Holders Office Supplies Simples Pencil Stationery Thicker,1
More options from $1.98,Giunmcul USB Rechargeable Universal Foldable Drinking Water Bottle Pump Portable Automatic Electric Pump for Home Kitchen Office Camping Online Shopping,1
More options from $1.99,Bagels and More Rwvbm,4
More options from $1.99,sucre moins de 5 $?conomisez jusqu'¨¤ 90% Clearing livraison gratuite,1
More options from $1.99,sucre,1
More options from $1.99,multicolor,1
More options from $1.99,Weekly flyer pimelu Vacuum Sealer Machine-Vacuum Sealer Machine Automatic Sealing System With 10 Heat Bags For Foods Storage Fresh-Keeping The Big Save,1
More options from $1.99,Weekly flyer pimelu Strawberry Baking Candy Jelly Bakeware Strawberries Molds For Kids Cupcake Fondant Molds Molds Weekly flyer,1
More options from $1.99,Weekly flyer pimelu Rain Gauge Freezes Proof Rain Gauge Outdoor Besting Rated Large Clear Numbers Rain Gauges For Yard With Stake Adjustable Height Rain Measuring Tool For Garden Flyer Deals,1
More options from $1.99,Weekly flyer pimelu Garden Art Crafts Flower Pot Storage Garden Decoration Art Hottest Deals,1
More options from $1.99,Viflosae up to 60% off Gifts Merry LED 7 Color Changing Christmas Tree Table Party Decor Toy Toys-up to 60% off,1
More options from $1.99,Viflosae Savings 1Pc Christmas Toys Glowing Llittle Snowman Christmas Tree Pendant Ornaments Back to savings,1
More options from $1.99,Viflosae Clearance Annual Events Christmas Wooden Ornament Add Color To Your Christmas 2PC Shop all,1
More options from $1.99,Viflosae Christmas Diy Gift Box Countdown Paper Bag Box With 24 Digital Sticker Paper Box Advent Calendar Box Stationery on Rollback,1
More options from $1.99,Usmixi Clearance Sales Stainless Steel Sink Draw Faucet Splashs Proof Telescopic Pressure Household Wash Basin Hot and Cold Kitchen Faucet,1
More options from $1.99,USSUMA Tools For Making Sushi Molds 3 Piece Suit Seaweed Seaweed Rice Wrapping Grinding Tool Rice And Vegetable Roll Rice Wrapping Material Sushi Artifact Todays Deals Clearance Sales,1
More options from $1.99,USSUMA Deals of the Day Clearance Prime 100pcs Empty Teabags String Heat Filter Paper Herb Loose Tea Bag Wal-mart Deals,1
More options from $1.99,Sentmoon Wal-mart Deals 50pcs Empty Teabags String Heat Filter Paper Herb Loose Tea Bag Deals of the Day Clearance Prime,1
More options from $1.99,Sentmoon Prime Deals 100 Pcs Empty Teabags String Heat Filter Paper Herb Loose Tea Bag Deals Flyer,1
More options from $1.99,Qiopertar Big holiday Savings! Thanksgiving Maple Chocolate DIY Chocolate Baking Clearance Saving Up To 65% Off,1
More options from $1.99,Giunmcul Plastic Cutting Boards for Kitchen Dishwasher Safe Extra Large Cutting Board for Meat with Juices Grooves Easy Grip Handle Tax Free Weekend,1
More options from $1.99,Giunmcul Plastic Cutting Boards for Kitchen Dishwasher Safe Extra Large Cutting Board for Meat with Juices Grooves Easy Grip Handle Flash Deals,1
More options from $1.99,Fufafayo Des ¨¦conomies! Flacon d'assaisonnement extrud¨¦ 11 OZ avec flacon d'assaisonnement chaud ¨¤ clapet huile d'assaisonnement extrud¨¦e gel liquide,1
More options from $10,Vietnamese Stainless Steel Coffee Filter Cup Vietnamese Coffee Drip Pot,1
More options from $10,Amdohai Compatible with multi-fun coffee machine reuse grease type stainless steel Do-fun Kusi coffee capsule shell coffee utensils powder hammer 20ml,1
More options from $10,Amdohai Compatible with multi-fun coffee machine reuse grease stainless steel Do-fun Kusi coffee capsule shell coffee appliance coffee powder barrel 20ml,1
More options from $10,Amdohai Compatible with Dojo Coffee Machine Reuse Grease Stainless Steel Dojo Kesi Coffee Capsule Shell Coffee Appliance 1 Capsule + 1 Powder Hammer + Spoon Brush 20ml,1
More options from $10,Amdohai Compatible with Dojo Coffee Machine Reuse Grease Stainless Steel Dojo Kesi,1
More options from $10,Amdohai Compatible with Dojo Coffee Machine Reusable Grease Stainless Steel Dojo Kesi Coffee Capsule Shell Coffee Appliance 1 Capsule + Double Brush + Spoon Brush 20ml,1
More options from $10.01,Wweixi Teabags Non-woven Fabrics Square Food Grade Scented Tea Bags with Seal Filter Paper Loose Strainer Steeper Drawstring Herb Pouch TYPE5 100pcs 8x10cm,1
More options from $10.01,Wweixi Teabags Non-woven Fabrics Square Food Grade Scented Tea Bags with Seal Filter Paper Loose Strainer Steeper Drawstring Herb Pouch TYPE3 100pcs 6x8cm,1
More options from $10.01,Wweixi Teabags Non-woven Fabrics Square Food Grade Scented Tea Bags with Seal Filter Paper Loose Strainer Steeper Drawstring Herb Pouch TYPE1 100pcs 5x7cm,1
More options from $10.04,Wweixi 100Pcs/Lot Teabags Lightweight Non-woven Fabrics Cooking Scented Tea Bags Loose Strainer Drawstring Herb Pouch TYPE7 100pcs 15x20cm,1
More options from $10.04,Wweixi 100Pcs/Lot Teabags Lightweight Non-woven Fabrics Cooking Scented Tea Bags Loose Strainer Drawstring Herb Pouch TYPE5 100pcs 8x10cm,1
More options from $10.04,Wweixi 100Pcs/Lot Teabags Lightweight Non-woven Fabrics Cooking Scented Tea Bags Loose Strainer Drawstring Herb Pouch TYPE4 100pcs 7x9cm,1
More options from $10.04,8x10cm,1
More options from $10.08,wolftale Fondant Cake Decorating Tool Non-Toxic And Eco-Friendly Wide Application As Shown 5Set,1
More options from $10.08,wolftale Fondant Cake Decorating Tool Non-Toxic And Eco-Friendly Wide Application As Shown 2Set,1
More options from $10.08,wolftale Fondant Cake Decorating Tool Non-Toxic And Eco-Friendly Wide Application As Shown 1Set,1
More options from $10.08,Wweixi Cake Decorating Fondant Tool Set Non-Toxic And Eco-Friendly For DIY Cake Decorations High As Shown 5Set,1
More options from $10.08,Wweixi Cake Decorating Fondant Tool Set Non-Toxic And Eco-Friendly For DIY Cake Decorations High As Shown 2Set,1
More options from $10.12,Ruiboury Teabags Single-off Lightweight Non-woven Fabrics Cooking Scented Tea Bags Loose Convenient Drawstring Herb Pouch TYPE1 100pcs 5x7cm,1
More options from $10.18,ensemble de 4 filtres de robinet ¨¤ cartouche de m¨¦lange bubbler Livraison gratuite jusqu'¨¤ 5 $cette semaine Livraison gratuite,1
More options from $10.18,ensemble de 2 filtres de robinet ¨¤ cartouche de m¨¦lange bubbler Livraison gratuite jusqu'¨¤ 5 $cette semaine Livraison gratuite,1
More options from $10.19,50x Premium Coffee Filter Paper Kitchen Accessories Basket Filters Paper Single Serving Paper for Espresso Maker Dripper Coffee Machinel,1
More options from $10.20,100Pcs/Lot Teabags Lightweight Empty Square Cooking Spice Scented Tea Bags with Seal Filter Paper Natural Drawstring Herb Pouch 100pcs 7x9cm,1
More options from $10.21,Detachable Safe For Families And Coffee Shops l 1000ml,1
More options from $10.24,7 pouces pour th¨¦ dessert assaisonnement or Offres pour moins de 5 $cette semaine ?conomisez jusqu'¨¤ 90%,1
More options from $10.27,50/100pcs Christmas Cookie Hot Seal Bags For Nougat Candy Biscuit Packaging,1
More options from $10.29,Japceit Solid Wood Pepper Powder Grinder Black Pepper And Sichuan Pepper Ground Manual Grinder,1
More options from $10.30,Coffee,1
More options from $10.33,veasfak 10ml DIY Colorants Pigments 10ml brown,1
More options from $10.33,veasfak 10ml DIY Colorants Pigments 10ml 10ml rose red,1
More options from $10.36,Ruiboury Teabags Single-off Lightweight Non-woven Fabrics Cooking Scented Tea Bags Loose Convenient Drawstring Herb Pouch TYPE4 100pcs 7x9cm,1
More options from $10.38,yuksok 10ml DIY Colorants Pigments 10ml 10ml rose red,1
More options from $10.39,15x20cm,1
More options from $10.39,100Pcs/Lot Teabags Lightweight Empty Square Cooking Spice Scented Tea Bags with Seal Filter Paper Natural Drawstring Herb Pouch 100pcs 7x9cm,1
More options from $10.39,100Pcs/Lot Teabags Lightweight Empty Square Cooking Spice Scented Tea Bags with Seal Filter Paper Natural Drawstring Herb Pouch 100pcs 6x8cm,1
More options from $10.39,100Pcs/Lot Teabags Lightweight Empty Square Cooking Spice Scented Tea Bags with Seal Filter Paper Natural Drawstring Herb Pouch 100pcs 5.5x7cm,1
More options from $10.42,Wweixi 100Pcs/Lot Teabags Lightweight Non-woven Fabrics Cooking Scented Tea Bags Loose Strainer Drawstring Herb Pouch TYPE5 100pcs 8x10cm,1
More options from $10.46,15x20cm,1
More options from $10.46,100Pcs/Lot Teabags Lightweight Empty Square Cooking Spice Scented Tea Bags with Seal Filter Paper Natural Drawstring Herb Pouch 100pcs 7x9cm,1
More options from $10.46,100Pcs/Lot Teabags Lightweight Empty Square Cooking Spice Scented Tea Bags with Seal Filter Paper Natural Drawstring Herb Pouch 100pcs 6x8cm,1
More options from $10.46,100Pcs/Lot Teabags Lightweight Empty Square Cooking Spice Scented Tea Bags with Seal Filter Paper Natural Drawstring Herb Pouch 100pcs 5x7cm,1
More options from $10.47,Writer Decorator Pens - Brown,1
More options from $10.48,100Pcs/Lot Teabags Lightweight Empty Square Cooking Spice Scented Tea Bags with Seal Filter Paper Natural Drawstring Herb Pouch 100pcs 6x8cm,1
More options from $10.48,100Pcs/Lot Teabags Lightweight Empty Square Cooking Spice Scented Tea Bags with Seal Filter Paper Natural Drawstring Herb Pouch 100pcs 5.5x7cm,1
More options from $10.49,51/54/58mm Coffee Blind Filter Basket Stainless Steel Non Pressurized Filter Cup,1
More options from $10.54,freestylehome 1/2/3/5 Cake Pearl Applicator Home Bakery DIY Baking Cake Edible Pearl Ball Decoration Applying Tool No.02 5PCS,1
More options from $10.54,freestylehome 1/2/3/5 Cake Pearl Applicator Home Bakery DIY Baking Cake Edible Pearl Ball Decoration Applying Tool No.02 1 Pc,1
More options from $10.54,MAOWAPLG Solid Wood Pepper Powder Grinder Black Pepper And Sichuan Pepper Ground Manual Grinder,1
More options from $10.54,1pc No.02 5PCS,1
More options from $10.54,1pc No.02 1 Pc,1
More options from $10.54,15x20cm,1
More options from $10.54,100Pcs/Lot Teabags Lightweight Empty Square Cooking Spice Scented Tea Bags with Seal Filter Paper Natural Drawstring Herb Pouch 100pcs 8x10cm,1
More options from $10.54,100Pcs/Lot Teabags Lightweight Empty Square Cooking Spice Scented Tea Bags with Seal Filter Paper Natural Drawstring Herb Pouch 100pcs 6x8cm,1
More options from $10.54,100Pcs/Lot Teabags Lightweight Empty Square Cooking Spice Scented Tea Bags with Seal Filter Paper Natural Drawstring Herb Pouch 100pcs 5.5x7cm,1
More options from $10.56,freestylehome 1/2/3/5 Cake Pearl Applicator Home Bakery DIY Baking Cake Edible Pearl Ball Decoration Applying Tool No.02 1 Pc,1
More options from $10.56,1pc No.02 5PCS,1
More options from $10.56,1pc No.02 1 Pc,1
More options from $10.57,Wooden pepper mill Wooden mills Mechanisms Sea salt grains 4 inch,1
More options from $10.57,Spice Grinder Mill 5 inch,1
More options from $10.60,Qiopertar Clearance Free Shipping Kitchen Superfine Nylon Mesh Filter Plastic Sieve Fine Mesh With Handle Kitchen Tools For Soy Milk Coffee Milk Yogurt Juice Tea Filter Honey Wine,1
More options from $10.64,Qiopertar Clearance Free Shipping Segmented Candy Box Household Nut Box Dried Fruit Box Living Room Snack Box Plastic Fruit Box Snack Box under $5 Saving Up To 90% Off,1
More options from $10.64,Fufafayo Clearing d¨¦coration de maison Bac ¨¤ snacks portatif compartiment de stockage snacks Candy box moins de 5 $?conomisez jusqu'¨¤ 90% Clearing livraison gratuite,1
More options from $10.68,Peggybuy Coffee Filter Mesh Coffee Making Puck Screen for Espresso Machine (58mm),1
More options from $10.70,1pc Patella Protective Support Strap Knee Shock Absorption Adjustable Belt Breathable Pressured Protector for Men,1
More options from $10.75,Coffee,1
More options from $10.77,15x20cm,1
More options from $10.77,100Pcs/Lot Teabags Lightweight Empty Square Cooking Spice Scented Tea Bags with Seal Filter Paper Natural Drawstring Herb Pouch 100pcs 7x9cm,1
More options from $10.77,100Pcs/Lot Teabags Lightweight Empty Square Cooking Spice Scented Tea Bags with Seal Filter Paper Natural Drawstring Herb Pouch 100pcs 6x8cm,1
More options from $10.77,100Pcs/Lot Teabags Lightweight Empty Square Cooking Spice Scented Tea Bags with Seal Filter Paper Natural Drawstring Herb Pouch 100pcs 5.5x7cm,1
More options from $10.79,Christmas Decorations Indoor Advent Calendar 2023 Christmas DIY Pendan Bracelet Countdown Calendar For Girls 24 Days Xmas Countdown Calendar DIY Jewelry Making Kit Gift 22 Pendan Beads Christmas Tree,1
More options from $10.81,Large Capacity Flower Tea Cold Water Kett,1
More options from $10.83,Qiopertar Les lacunes Sir¨¨ne cuill¨¨re ¨¤ caf¨¦ en acier inoxydable tasse suspendue cuill¨¨re ¨¤ caf¨¦ cuill¨¨re color¨¦e Offres pour moins de 5 $cette semaine ?conomisez jusqu'¨¤ 90%,1
More options from $10.91,15x20cm,1
More options from $10.91,100Pcs/Lot Teabags Lightweight Empty Square Cooking Spice Scented Tea Bags with Seal Filter Paper Natural Drawstring Herb Pouch 100pcs 5.5x7cm,1
More options from $10.93,Mistaha Coffee Capsules Cup Refillable Reusable Coffee Filters Enlarge Mesh Strainer Large Inlet with Brush & Spoon Replacement for Keurig 2.0 and 1.0 8-Pack,1
More options from $10.99,triangle coffee filters coffee maker Medium,1
More options from $10.99,jinwen 100pcs ing Floating Bobbers Ball EVA Foam Indicator 8.3mm Yellow 8.3mm Yellow 100PCS,1
More options from $10.99,jinwen 100pcs Fly Fishing Floats EVA Foam Bite Strike Indicators Tackle Outdoor 7mm,1
More options from $10.99,jinwen 100pcs Fishing Floating Bobbers Ball Indicator 7mm - Red,1
More options from $10.99,jinwen 100 Pieces Fishing Floating Bobber Ball EVA Foam Display 6mm Yellow,1
More options from $10.99,Unique Bargains 2pcs Flower Metal Hair Claw Clip for Women Cute Claw Clip Non-Slip Fashion Hair Accessories Yellow,1
More options from $10.99,USSUMA Wal-mart Deals Whisk Home Creamer Automatic Creamer Creamer Home Coffee Stirrer Frother Todays Deals Clearance Sales,1
More options from $10.99,USSUMA Deals of the Day Clearance Prime Whisk Home Creamer Automatic Creamer Creamer Home Coffee Stirrer Frother Todays Deals Clearance Sales,1
More options from $10.99,Stainless Steel Coffee Brew Infuser Cone Cold Brew Coffee Filter 304 Stainless Steel Cold Brew Coffee Filter Cone Mesh With White Rubber Circle Coffee Brew Infuser For Fruit Drink,1
More options from $10.99,Portable with Accessories Dimensions 15.7x9.5x2cm with Anti Leaking Silicone Seals Convenient Durable for Women Sturdy Yellow,1
More options from $10.99,Portable with Accessories Dimensions 15.7x9.5x2cm with Anti Leaking Silicone Seals Convenient Durable for Women Sturdy Blue,1
More options from $10.99,Neinkie Coffee Sifter Coffee Sieve Chocolate Shaker Fine Mesh Stainless Steel Container Pot Coffee Making Accessory(Silver Natural Stainless Steel Surface),1
More options from $10.99,Must-Have Egg Separator Tool,1
More options from $10.99,Light Grey,1
More options from $10.99,Large,1
More options from $10.99,Grey,1
More options from $10.99,Goriertaly 200pcs/set Enjoy Cup Of Tea Tea Filter Bag For Easy Brewing Wide white 2Set,1
More options from $10.99,Fryer Accessories,1
More options from $10.99,Filter Cone Dripper Holder Cup Travel Jug 2 Sizes - 2 - 4 Cup,1
More options from $10.99,Antique Metal Bag Frame Bead Heads For DIY Purse Making 24.5,1
More options from $10.99,AmlESO unbleached coffee s pour over coffee Large,1
More options from $10.99,AmlESO 10ml DIY Colorants Pigments 10ml yellow 10ml lemon yellow,1
More options from $10.99,AmlESO 10ml DIY Colorants Pigments 10ml brown,1
More options from $10.99,AmlESO 10ml DIY Colorants Pigments 10ml black,1
More options from $10.99,AmlESO 10ml DIY Colorants Pigments 10ml 10ml rose red,1
More options from $10.99,50x Premium Coffee Filter Paper Kitchen Accessories Basket Filters Paper Single Serving Paper for Espresso Maker Dripper Coffee Machinel,1
More options from $10.99,100Pcs Coffee Filter Paper Coffee Cup Strainers for Latte Drip Tools Drip Coffee Large,1
More options from $10.99,100 Pieces Paper Replacement Filters for Tea and Tools Latte Drip Tools Drip Dripper Accessories Medium,1
More options from $103.83,Xingzhi Water Tank - Stylish And Functional Suitable For Home And Professional Elegant Easy To Container With 5.5 L 3Set,1
More options from $103.83,Xingzhi Water Tank - Stylish And Functional Suitable For Home And Professional Elegant Easy To Container With 5.5 L 2Set,1
More options from $11.01,Spray Bottle on Clearance,1
More options from $11.05,calcetines de playa y fundas blandas,1
More options from $11.09,Lubelski 15g Cake Decorating Powder with Bottle DIY Shiny Tasty Cookies Icing Cake Color Powder for Kitchen,1
More options from $11.21,15x20cm,1
More options from $11.21,100Pcs/Lot Teabags Lightweight Empty Square Cooking Spice Scented Tea Bags with Seal Filter Paper Natural Drawstring Herb Pouch 100pcs 7x9cm,1
More options from $11.21,100Pcs/Lot Teabags Lightweight Empty Square Cooking Spice Scented Tea Bags with Seal Filter Paper Natural Drawstring Herb Pouch 100pcs 6x8cm,1
More options from $11.34,6 PCS English Muffin Rings Preservative For Hamburger For Cake 8cm / 3.1in,1
More options from $11.45,6 PCS English Muffin Rings Preservative For Hamburger For Cake 8cm / 3.1in,1
More options from $11.48,Wweixi 100Pcs/Lot Teabags Lightweight Non-woven Fabrics Cooking Scented Tea Bags Loose Strainer Drawstring Herb Pouch TYPE7 100pcs 15x20cm,1
More options from $11.48,Wweixi 100Pcs/Lot Teabags Lightweight Non-woven Fabrics Cooking Scented Tea Bags Loose Strainer Drawstring Herb Pouch TYPE5 100pcs 8x10cm,1
More options from $11.48,Wweixi 100Pcs/Lot Teabags Lightweight Non-woven Fabrics Cooking Scented Tea Bags Loose Strainer Drawstring Herb Pouch TYPE4 100pcs 7x9cm,1
More options from $11.53,Quick Ramen Noodles For College Dorm Room,1
More options from $11.53,Cold Brew Coffee Filter Coffee Brew Infuser Stainless Steel Coffee Brew Infuser Cold Brew Coffee Strainer Cone Cold Brew Coffee Filter 304 Stainless Steel Cold Brew Coffee Filter,1
More options from $11.61,Coffee,1
More options from $11.64,6 PCS English Muffin Rings Preservative For Hamburger For Cake 8cm / 3.1in,1
More options from $11.65,Tasting Fruit Water Bottle 0 Sugar And 0 Calorie Fragrance- Suction Cup Multiple Rings,1
More options from $11.67,V60 12x11.6x4 Cm / 4.7x4.6x1.6 In,1
More options from $11.67,1pc No.02 5PCS,1
More options from $11.67,1pc No.02 1 Pc,1
More options from $11.75,yingyy 100pcs Bag Heal Seal Pouch Filter Paper Loose Infuser Pocket Safety As Shown 3Set,1
More options from $11.75,yingyy 100pcs Bag Heal Seal Pouch Filter Paper Loose Infuser Pocket Safety As Shown 2Set,1
More options from $11.77,Qiopertar Clearance Free Shipping Segmented Candy Box Household Nut Box Dried Fruit Box Living Room Snack Box Plastic Fruit Box Snack Box under $5 Saving Up To 90% Off,1
More options from $11.77,Cold Brew Coffee Filter Coffee Brew Infuser Stainless Steel Coffee Brew Infuser Cold Brew Coffee Strainer Cone Cold Brew Coffee Filter 304 Stainless Steel Cold Brew Coffee Filter,1
More options from $11.78,Christmas Tree Advent Calendar 2023 Christmas DIY Pendan Bracelet Countdown Calendar For Girls 24 Days Xmas Countdown Calendar DIY Jewelry Making Kit Gift 22 Pendan Beads Christmas Decorations Indoor,1
More options from $11.78,Christmas Decorations Indoor Advent Calendar 2023 Christmas DIY Pendan Bracelet Countdown Calendar For Girls 24 Days Xmas Countdown Calendar DIY Jewelry Making Kit Gift 22 Pendan Beads Christmas Tree,1
More options from $11.87,simhoa Reusable Handmade Cloth Coffee with Wooden Handle Hand Drip Coffee 100mm,1
More options from $11.87,Rongfmy Reusable Handmade Cloth Coffee with Wooden Handle Hand Drip Coffee 100mm,1
More options from $11.87,GUOOL Reusable Handmade Cloth Coffee with Wooden Handle Hand Drip Coffee 100mm,1
More options from $11.87,Filter Cone Dripper Holder Cup Travel Jug 2 Sizes - 2 - 4 Cup,1
More options from $11.89,Large Capacity Flower Tea Cold Water Kett,1
More options from $11.89,58MM 3Set,1
More options from $11.89,58MM 1Set,1
More options from $11.89,53MM 3Set,1
More options from $11.89,53MM 2Set,1
More options from $11.89,53MM 1Set,1
More options from $11.94,yingyy Gold Foil Leaf Dessert Candy Fondant Muffins Flakes Portable Home Bakery Bar Food Dishes Tea Drink Decoration DIY Silver 5Set,1
More options from $11.94,yingyy Gold Foil Leaf Dessert Candy Fondant Muffins Flakes Portable Home Bakery Bar Food Dishes Tea Drink Decoration DIY Silver 2Set,1
More options from $11.94,Coffee Shot Mirror Easy Care Drop Resistant For Home Silver,1
More options from $11.95,V60 12x11.6x4 Cm / 4.7x4.6x1.6 In,1
More options from $11.95,Rbaofujie Kitchen Utensil Set Coffee Filter Cup Drip Cup Hand-Brewed Coffee Cup Drip Filter Coffee Filter Cup for Hiking Camping Home Office Kitchen Utensil Set,1
More options from $11.98,Usmixi Tax Free Weekend Tea Pet,1
More options from $11.99,koolsoo Strainer Coffee Pot Drip with Wooden Holder Multi-color Convenient to Western Transparent Pot,1
More options from $11.99,koolsoo 4x100 Piece Home Kitchen Disposable Unbleached Coffee Flters 6 Cup 4 Pcs,1
More options from $11.99,jinwen 100pcs ing Floating Bobbers Ball EVA Foam Indicator 8.3mm Yellow 8.3mm Yellow 100PCS,1
More options from $11.99,jinwen 100pcs Fly Fishing Floats EVA Foam Bite Strike Indicators Tackle Outdoor 7mm,1
More options from $11.99,jinwen 100pcs Fishing Floating Bobbers Ball Indicator 7mm - Red,1
More options from $11.99,jinwen 100 Pieces Fishing Floating Bobber Ball EVA Foam Display 6mm Yellow,1
More options from $11.99,Uklsqma Coffee Beans Coffee Powder Dry Goods Sealed Container 304 Stainless Steel Sealed Storage Tank,1
More options from $11.99,Light Grey,1
More options from $11.99,Large,1
More options from $11.99,GUOOL 50Pcs Coffee Paper Basket s Paper for Coffee Machine S S,1
More options from $11.99,GROWTH TANK 50Pcs Coffee Filter Paper Basket Filters Paper for Coffee Machine S S,1
More options from $11.99,FAJHHA Cups£¬Plastic Cups£¬Coffee Cups£¬Disposable Cups Clearance Sales Today Deals Prime Lazy Automatic Magnetic Stirring Cup coffee Grain Powder Brewing Cup,1
More options from $11.99,Coffee Pot pour Multi-Color Dripper Scientifically Designed Great Hand Anti-Scald Strainer Filter Cup for Pot Restaurant Camping Coffee-Maker - Transparent Pot,1
More options from $11.99,Coffee Pot Pour Multi-Color Dripper Scientifically Designed Great Hand Anti-Scald Strainer Filter Cup for Pot Restaurant Camping Coffee-Maker,1
More options from $11.99,Coffee Dripper with V Shaped Filter Paper Coffee Filter Cup for Backpacking pink,1
More options from $11.99,Coffee Dripper with V Shaped Filter Paper Coffee Filter Cup for Backpacking blue,1
More options from $11.99,Coffee Dripper Coffee Funnel Metal Cone Filter for Restaurant Office Kitchen S S,1
More options from $11.99,Coffee Dripper Coffee Funnel Metal Cone Filter for Restaurant Office Kitchen M M,1
More options from $11.99,AmlESO 50Pcs Coffee Filter Paper Basket Filters Paper for Coffee Machine S S,1
More options from $11.99,946ml,1
More options from $11.99,50x Premium Coffee Filter Paper Kitchen Accessories Basket Filters Paper Single Serving Paper for Espresso Maker Dripper Coffee Machinel,1
More options from $11.99,50 Pieces Coffee Filter Paper Bag Hanging Ear Tea Filter Bag for Home Hiking for GED0067,1
More options from $11.99,50 Pieces Coffee Filter Paper Bag Hanging Ear Tea Filter Bag for Home Hiking for GED00377,1
More options from $11.99,304 Stainless Steel Filter Coffee Tea Infuser Coffee Strainer Mason Canning Jar Mesh Coffee Filter,1
More options from $115.20,4pcs Stainless Steel Grill Heat Tents Replacement Part For Charbroil Bbq Tool A,1
More options from $12.02,Unatoiry Coffee Filter Screen Filter Mesh Professional Machine Accessories Coffee for 58.5mm 2mm Thick 1Set,1
More options from $12.18,Coffee Shot Mirror Easy Care Drop Resistant For Home Silver,1
More options from $12.28,freestylehome 1/2/3/5 Cake Pearl Applicator Home Bakery DIY Baking Cake Edible Pearl Ball Decoration Applying Tool No.02 5PCS,1
More options from $12.28,Coffee,1
More options from $12.30,Youpin Jordan Judy Household Sealed Seasoning Jars Kitchen Oil Soy,1
More options from $12.34,Approx. 14 To 17g Weight,1
More options from $12.35,Explosion-proof Travel For Office Home Gifts Silver 350ml,1
More options from $12.41,Cheers Coffee Capsule Refillable Crema Maker Tools Plastic Removable Espresso Machine Filter for Home for Bosch-s Tassimoo,1
More options from $12.42,Stainless Steel Coffee Brew Infuser Cone Cold Brew Coffee Filter 304 Stainless Steel Cold Brew Coffee Filter Cone Mesh With White Rubber Circle Coffee Brew Infuser For Fruit Drink,1
More options from $12.46,304 Stainless Steel Filter Coffee Tea Infuser Coffee Strainer Mason Canning Jar Mesh Coffee Filter,1
More options from $12.47,Stainless Steel Coffee Brew Infuser Cone Cold Brew Coffee Filter 304 Stainless Steel Cold Brew Coffee Filter Cone Mesh With White Rubber Circle Coffee Brew Infuser For Fruit Drink,1
More options from $12.48,24 Pockets Santa Claus Christmas Advent for Kids Calendar Wall Hanging Ornament Snacks Biscuits Home Bedroom Living Room Decoration Red,1
More options from $12.48,24 Pockets Santa Claus Christmas Advent Calendar Wall Hanging Empty Santa Claus Christmas Ornament Snacks Biscuits Home Bedroom Living Room Decoration Red,1
More options from $12.49,Pumpkin Seed Oil Cucurbita Pepo Pure Pumpkin Seed Oil For Hair Unrefined For Face For Cooking Pure Natural Cold Pressed 630ml 21oz By R V Essential,1
More options from $12.49,Pumpkin Seed Oil Cucurbita Pepo Pure Pumpkin Seed Oil For Hair Unrefined For Face For Cooking Pure Natural Cold Pressed 300ml 10oz By R V Essential,1
More options from $12.49,Pumpkin Seed Oil Cucurbita Pepo Pure Pumpkin Seed Oil For Hair Unrefined For Face For Cooking Pure Natural Cold Pressed 1250ml 42oz By R V Essential,1
More options from $12.49,Pumpkin Seed Oil Cucurbita Pepo Pure Pumpkin Seed Oil For Hair Unrefined For Face For Cooking Pure Natural Cold Pressed 10ml 0.338oz By R V Essential,1
More options from $12.49,Pumpkin Seed Oil Cucurbita Pepo Pure Pumpkin Seed Oil For Hair Unrefined For Face For Cooking Pure Natural Cold Pressed 100ml 3.38oz By R V Essential,1
More options from $12.49,Children Toys for 3+ Boys Girls,1
More options from $12.49,24PCS Cute Cartoon Puppy Figures Doll Xmas Vacation Stocking Stuffer Gifts,1
More options from $12.50,Yeacher Unbleached Dripper Filter Cone Paper Coffee Filter V Shaped Coffee Filters Pour Over Filter,1
More options from $12.52,tredstone Black Stainless Steel Filter Screen For Aromatic Coffee Coffee And Tea Can Be Used Together type+1,1
More options from $12.54,6 PCS English Muffin Rings Preservative For Hamburger For Cake 8cm / 3.1in,1
More options from $12.58,Thinsony 200pieces Essential For Tea Drinking Tea Bag High Temperature Resistant Tea Bags white 3Set,1
More options from $12.58,Thinsony 200pieces Essential For Tea Drinking Tea Bag High Temperature Resistant Tea Bags white 2Set,1
More options from $12.58,Thinsony 200pieces Essential For Tea Drinking Tea Bag High Temperature Resistant Tea Bags white 1Set,1
More options from $12.58,Embroidered Spiritual Salt Pouch for Money,1
More options from $12.59,Fufafayo Free Shipping Clearance Stainless Steel Water Filter VegetableMoon Shaped Pot Side Filter Slag Separator Filter BafflePlate Two Options Deals of the Week Clearance,1
More options from $12.61,V60 12x11.6x4 Cm / 4.7x4.6x1.6 In,1
More options from $12.62,Cubes White,2
More options from $12.62,Cubes Green,2
More options from $12.62,Sizer Size Cubes Rose Red,1
More options from $12.62,Hanger Sizer Size Marker Cubes Green,1
More options from $12.62,Hanger Sizer Size Marker Cubes Black,1
More options from $12.62,Garment Markers Hanger Sizer Cubes Red,1
More options from $12.62,Donuts Bagels Cubes Red,1
More options from $12.62,Cubes Sizer Size Marker Tags Rose Red,1
More options from $12.62,Cubes Size Marker Tags Plastic Dark Blue,1
More options from $12.62,Cubes Rose Red,1
More options from $12.62,Cubes Red,1
More options from $12.62,Cubes Purple,1
More options from $12.62,Cubes Markers Hanger Sizer Size Orange,1
More options from $12.62,Cubes Markers Hanger Sizer Size Light Blue,1
More options from $12.62,Cubes Garment Markers Hanger Sizer Black,1
More options from $12.62,Cubes Dark Sizer Donuts Bagels Green,1
More options from $12.62,Cubes Clip Buckle Cubes Dark Blue,1
More options from $12.62,Buckle Cubes Yellow,1
More options from $12.64,V60 12x11.6x4 Cm / 4.7x4.6x1.6 In,1
More options from $12.68,Qiopertar ?conomisez Bo?te ¨¤ crayons grande capacit¨¦ en plastique bo?te transparente avec couvercle Design empilable Offres pour moins de 5 $cette semaine Livraison gratuite,1
More options from $12.70,enqiretly 300 Pieces Teabags Drawstring Filter 300x Set Drawstring Empty Bags Strainer Infuser Pouch Penetration Seal Tea Bag Powder Spices Teaware 6*8 CM,1
More options from $12.72,kurtrusly 300 Pieces Teabags Drawstring Filter Bags Strainer Infuser Pouch Filter Pouch Heating Penetration Seal Tea Bag Powder Spices Teaware 7*9CM,1
More options from $12.72,200ml Glass Seasoning Jar With Scale 4 Outlets Spice jars Kitchen Chili Pepper Powder Sprinkling Jar Barbecue,1
More options from $12.75,keepw 2pieces Better Taste With Puck Screen Premium Stainless Steel Sintered Coffee Filters For 51MM+2pcs,1
More options from $12.79,53MM 1Set,1
More options from $12.80,LOVIVER 300 Pcs Time-saving Garment Colored Blank Hanger Size Marker - Personalized Your Dark Green,1
More options from $12.88,Cold Brew Coffee Filter Coffee Brew Infuser Stainless Steel Coffee Brew Infuser Cold Brew Coffee Strainer Cone Cold Brew Coffee Filter 304 Stainless Steel Cold Brew Coffee Filter,1
More options from $12.94,6 PCS English Muffin Rings Preservative For Hamburger For Cake 8cm / 3.1in,1
More options from $12.96,enqiretly 300 Pieces Teabags Drawstring Filter Bags Strainer Infuser Pouch Filter Pouch Heating Penetration Seal Tea Bag Powder Spices Teaware 7*9CM,1
More options from $12.96,enqiretly 300 Pieces Teabags Drawstring Filter 300x Set Drawstring Empty Bags Strainer Infuser Pouch Penetration Seal Tea Bag Powder Spices Teaware 6*8 CM,1
More options from $12.97,Cubes Rose Red,6
More options from $12.97,Cubes Purple,6
More options from $12.97,Cubes Green,6
More options from $12.97,Cubes Dark Green,6
More options from $12.97,Cubes Light Blue,5
More options from $12.98,kurtrusly 300 Pieces Teabags Drawstring Filter Bags Strainer Infuser Pouch Filter Pouch Heating Penetration Seal Tea Bag Powder Spices Teaware 7*9CM,1
More options from $12.98,kurtrusly 300 Pieces Teabags Drawstring Filter 300x Set Drawstring Empty Bags Strainer Infuser Pouch Penetration Seal Tea Bag Powder Spices Teaware 6*8 CM,1
More options from $12.98,Cold Brew Coffee Filter Coffee Brew Infuser Stainless Steel Coffee Brew Infuser Cold Brew Coffee Strainer Cone Cold Brew Coffee Filter 304 Stainless Steel Cold Brew Coffee Filter,1
More options from $12.99,koolsoo Strainer Coffee Pot Drip with Wooden Holder Multi-color Convenient to Western Transparent Pot,1
More options from $12.99,Wooden Manual Pepper with Grinding 18.5cm,1
More options from $12.99,Kttectoa Cup-Shaped Coffee Pod Storage Rack For Counter Coffee Bar Savings,1
More options from $12.99,High quality wooden manual crusher herbs spice mill 22.5cm,1
More options from $12.99,GROWTH TANK 50Pcs Coffee Filter Paper Basket Filters Paper for Coffee Machine S S,1
More options from $12.99,Filter Cone Dripper Holder Cup Travel Jug 2 Sizes - 2 - 4 Cup,1
More options from $12.99,ENJOYW Ergonomic Retractable Coffee Filter Ergonomic Retractable Plastic Stable Even Filtration Coffee Strainer for Home Coffee Fi,1
More options from $12.99,Coffee Dripper Coffee Funnel Metal Cone Filter for Restaurant Office Kitchen S S,1
More options from $12.99,Coffee Dripper Coffee Funnel Metal Cone Filter for Restaurant Office Kitchen M M,1
More options from $12.99,Abbracc Reusable Metal Cone Paperless Strainer Funnel Golden,1
More options from $12.99,50Pcs Coffee Filters Basket Filters Paper Kitchen Accessories for Coffee Maker Espresso Maker Dripper S,1
More options from $12.99,50Pcs Coffee Filter Paper Basket Filters Paper for Coffee Machine S S,1
More options from $12.99,5 Pieces / Set Cake Food Bakery Decorating Material Hotel Yellow,1
More options from $12.99,5 Pieces / Set Cake Food Bakery Decorating Material Hotel,1
More options from $13.17,Justharion 200x White Wide Application Tea Filter Bag Easy To Carry High Temperature Resistant white 3Set,1
More options from $13.25,Disposable DIY Popsicle Molds Bags Pouches -Comes With Silicone Funnel,1
More options from $13.25,Coffee Shot Mirror Easy Care Drop Resistant For Home Silver,1
More options from $13.25,Coffee Shot Mirror Easy Care Drop Resistant For Home Black,1
More options from $13.29,SZXZYGS Pour Over Coffee Filter Organizer V01/V02 Outdoor Camping X Pac Nylon Using Bag Washable,1
More options from $13.33,Fufafayo Free Shipping Clearance Birthday Cake Baking Decoration Aerospace 3-piece Set Astronaut Astronaut Star System Cake Decoration Car Decoration Deals of the Week Clearance,1
More options from $13.34,Qiopertar ?conomisez Nouveau enfants couverts b¨¦b¨¦ couverts ensemble de deux pi¨¨ces Livraison gratuite jusqu'¨¤ 5 $cette semaine,1
More options from $13.34,Qiopertar ?conomisez Cuill¨¨re ¨¤ huile de filtre en acier inoxydable cuill¨¨re ¨¤ huile de filtre multifonction en acier inoxydable maille fine filtre ¨¤ huile ?conomisez jusqu'¨¤ 90%,1
More options from $13.36,300 Pieces Teabags Drawstring Filter Resistant Thin Strong Penetration Bags Strainer Infuser Pouch Penetration Seal Tea Bag Powder Spices Teaware 6*8 CM,1
More options from $13.36,300 Pieces Teabags Drawstring Filter Bags Strainer Infuser Pouch Teabags Penetration Seal Tea Bag Powder Spices Teaware 7*9CM,1
More options from $13.38,28cm Anti-skid Cake Decorating Turntable Flat Swivel Plate Baking Tool Rubber Plastic Turntable,1
More options from $13.38,28cm Anti-skid Cake Decorating Turntable Flat Plastic Swivel Plate Baking Tool PP Turntable,1
More options from $13.38,100 Pieces Round Coffee Filter Papere papers cone paper Coffee Strainer for hotel Cafe 51mm,1
More options from $13.39,POINTERTECK 200ml Glass Seasoning Jar With Scale 4 Outlets Spice jars Kitchen Chili Pepper Powder Sprinkling Jar Barbecue,1
More options from $13.39,200ml Glass Seasoning Jar With Scale 4 Outlets Spice jars Kitchen Chili Pepper Powder Sprinkling Jar Barbecue,1
More options from $13.44,Justharion 200x White Wide Application Tea Filter Bag Easy To Carry High Temperature Resistant white 3Set,1
More options from $13.46,AmlESO Coffee Cone Polish Coffee Basket Stainless Steel Coffee Diameter 105mm,1
More options from $13.57,Ruiboury Black Coffee Tea Net Filter Screen For Cleaner Brewing With Good Filtration Effect Fragrant type+1,1
More options from $13.61,crgrtght Open Box Deals Clearance 50pcs Empty Teabags String Heat Filter Paper Herb Loose Tea Bag,1
More options from $13.63,large Stainless Steel Bowl,1
More options from $13.63,MAOWAPLG Coffee Gounds Box Stainless Steel Box Built-in Container for Coffee,1
More options from $13.84,Moulage en plastique Bombarda Inline Surface Float Carp Terminal de p¨ºche Tackle 15g / 20g / 25g / 30g / 40g / 50g,1
More options from $13.84,Bobbers de moulage en plastique Bombarda flotteur de surface en ligne pour terminal de p¨ºche ¨¤ la carpe mat¨¦riel 15g / 20g / 25g / 30g / 40g / 50g,1
More options from $13.90,kurtrusly 40-Count Paper Coffee Filters Accessories Disposable Unbleached Paper 1-4Cup for Coffee Maker,1
More options from $13.94,Bobbers de moulage en plastique Bombarda flotteur de surface en ligne pour terminal de p¨ºche ¨¤ la carpe mat¨¦riel 15g / 20g / 25g / 30g / 40g / 50g,1
More options from $13.96,Dispensador de masa de 900ml embudo de medici¨®n de pasta de harina para hornear Cupcakes y tortitas Muffins y pasteles,1
More options from $13.99,jifeng Coffee Cone Polish Coffee Basket Stainless Steel Coffee Diameter 120mm,1
More options from $13.99,jifeng Coffee Cone Polish Coffee Basket Stainless Steel Coffee Diameter 105mm,1
More options from $13.99,crgrtght Bac ¨¤ snacks portatif compartiment de stockage snacks Candy box,1
More options from $13.99,Stainless Steel Bar Bartender Shaker Drink Mixer Professional Bartender Tool Cocktail Mixed Cup Martini Drink Shaker for Bartending Cocktail Lovers Gift,1
More options from $13.99,SZXZYGS Olive Oil Sprayer for Cooking Type Sprayable Kitchen Olive Oil Spray Bottle for Bbq Kitchen Baking Roasting,1
More options from $13.99,GUOOL 50Pcs Coffee Paper Basket s Paper for Coffee Machine S S,1
More options from $13.99,Espresso Disc Strainer for Espresso Portafilter Filter 58mm,1
More options from $13.99,Espresso Disc Strainer for Espresso Portafilter Filter 58.5mm,1
More options from $13.99,Espresso Disc Strainer for Espresso Portafilter Filter 53.5mm,1
More options from $13.99,Espresso Disc Strainer for Espresso Portafilter Filter 51.5mm,1
More options from $13.99,Desserts - Pecan,1
More options from $13.99,Coffee Filter Screen Espresso Filtration Screen for Espresso Portafilter Filter 58mm,1
More options from $13.99,AmlESO unbleached coffee s pour over coffee Large,1
More options from $13.99,Advent Calendar Bags Advent Calendar Candy Gift Drawstring Bag 24 Days Advent Calendar Bags for Wall Fireplace Door Red and Green Small,1
More options from $13.99,Advent Calendar Bags Advent Calendar Candy Gift Drawstring Bag 24 Days Advent Calendar Bags for Wall Fireplace Door Red and Green Large,1
More options from $13.99,Advent Calendar Bags Advent Calendar Candy Gift Drawstring Bag 24 Days Advent Calendar Bags for Wall Fireplace Door Light Gray Large,1
More options from $13.99,Advent Calendar Bags Advent Calendar Candy Gift Drawstring Bag 24 Days Advent Calendar Bags for Wall Fireplace Door Colorful Large,1
More options from $13.99,Abbracc Coffee Cone Polish Coffee Basket Stainless Steel Coffee Diameter 120mm,1
More options from $13.99,Abbracc Coffee Cone Polish Coffee Basket Stainless Steel Coffee Diameter 105mm,1
More options from $14,2-4 Cups,1
More options from $14.07,58MM 3Set,1
More options from $14.07,53MM 2Set,1
More options from $14.07,53MM 1Set,1
More options from $14.15,ZheElen 2x Cozy And Stylish Atmosphere Sofa Home Decor Healthy Printing And Dyeing Are grey 2Set,1
More options from $14.15,Decodeary 2piece Transform Livingroom Or Bedroom Into Retreat With Golden grey 5Set,1
More options from $14.15,Decodeary 2piece Transform Livingroom Or Bedroom Into Retreat With Golden green 3Set,1
More options from $14.15,Decodeary 2piece Transform Livingroom Or Bedroom Into Retreat With Golden green 1Set,1
More options from $14.21,keepw 500pcs/set Professional-looking Arrangements Without Breaking Bank Excellent Materials Are yellow 1Set,1
More options from $14.21,keepw 500pcs/set Professional-looking Arrangements Without Breaking Bank Excellent Materials Are white 1Set,1
More options from $14.21,keepw 500pcs/set Professional-looking Arrangements Without Breaking Bank Excellent Materials Are purple 1Set,1
More options from $14.21,keepw 500pcs/set Professional-looking Arrangements Without Breaking Bank Excellent Materials Are orange 1Set,1
More options from $14.21,keepw 500pcs/set Professional-looking Arrangements Without Breaking Bank Excellent Materials Are milky white 1Set,1
More options from $14.21,keepw 500pcs/set Professional-looking Arrangements Without Breaking Bank Excellent Materials Are green 1Set,1
More options from $14.28,Ruiboury Black Coffee Tea Net Filter Screen For Cleaner Brewing With Good Filtration Effect Fragrant type+1,1
More options from $14.30,DIY Stretched Plastic Pop Sensory Toy,1
More options from $14.32,Qiopertar Bouteille distributeur de miel ketchup bouteille de lait maison bouteille d'huile en plastique r¨¦servoir d'huile Clearing livraison gratuite Liquidation sp¨¦ciale cette semaine,1
More options from $14.39,4 bars,1
More options from $14.40,Filter Cone Dripper Holder Cup Travel Jug 2 Sizes - 2 - 4 Cup,1
More options from $14.49,Christmas Advent Calendar 2024 Contains 24 Christmas Acrylic Decoration Arrival Calendar Christmas Countdown Calendar With Surprise Pedants Christmas Colle,1
More options from $14.53,2-4 Cups,1
More options from $14.55,Women's Dress Long Lantern Sleeve Ruched V Neck Drawstring Side Slit Knit Bodycon Dresses,1
More options from $14.60,28cm Anti-skid Cake Decorating Turntable Flat Swivel Plate Baking Tool Rubber Plastic Turntable,1
More options from $14.60,28cm Anti-skid Cake Decorating Turntable Flat Plastic Swivel Plate Baking Tool PP Turntable,1
More options from $14.64,MAOWAPLG Coffee Gounds Box Stainless Steel Box Built-in Container for Coffee,1
More options from $14.73,crgrtght ?conomisez! Cabine t¨¦l¨¦phonique int¨¦rieure pour les personnes ?g¨¦es petite lampe ¨¤ huile H?tel sc¨¨ne arrangement ornement lumineux Clearing livraison gratuite,1
More options from $14.80,Youpin Jordan Judy Household Sealed Seasoning Jars Kitchen Oil Soy,1
More options from $14.88,Convenient For Storing Conical Coffee Filter Paper,1
More options from $14.90,pitrice Advent Calendar Christmas Hanging Pendant Gnome Non-woven Fabric DIY Wall Calendary Faceless Man Xmas Tree Decoration Gift Gray,1
More options from $14.90,Maoww Advent Calendar Christmas Hanging Pendant Gnome Non-woven Fabric DIY Wall Calendary Faceless Man Xmas Tree Decoration Gift Gray,1
More options from $14.90,80g | Multiple Flavours,1
More options from $14.95,Letairis 100x Clear Lollipops Sticks Acrylic for Home Halloween Chocolate Cake 100x Lolly Chocolate 15.2x0.3cm,1
More options from $14.96,National Lampoon's Christmas Advent Calendar Gifts,1
More options from $14.99,veasfak Coffee Cone Polish Coffee Basket Stainless Steel Coffee Diameter 120mm,1
More options from $14.99,simhoa Reusable Handmade Cloth Coffee with Wooden Handle Hand Drip Coffee 100mm,1
More options from $14.99,jifeng Coffee Cone Polish Coffee Basket Stainless Steel Coffee Diameter 120mm,1
More options from $14.99,jifeng Coffee Cone Polish Coffee Basket Stainless Steel Coffee Diameter 105mm,1
More options from $14.99,Stainless Steel Bar Bartender Shaker Drink Mixer Professional Bartender Tool Cocktail Mixed Cup Martini Drink Shaker for Bartending Cocktail Lovers Gift,1
More options from $14.99,Rongfmy Reusable Handmade Cloth Coffee with Wooden Handle Hand Drip Coffee 100mm,1
More options from $14.99,GUOOL Reusable Handmade Cloth Coffee with Wooden Handle Hand Drip Coffee 100mm,1
More options from $14.99,DOLITY Reusable Handmade Cloth Coffee with Wooden Handle Hand Drip Coffee 100mm,1
More options from $14.99,Coffee Dripper with V Shaped Filter Paper Coffee Filter Cup for Backpacking pink,1
More options from $14.99,Coffee Dripper with V Shaped Filter Paper Coffee Filter Cup for Backpacking blue,1
More options from $14.99,Coffee Dripper Coffee Funnel Metal Cone Filter for Restaurant Office Kitchen M M,1
More options from $14.99,Christmas Gifts,1
More options from $15.03,Powder Spreading Bot,1
More options from $15.05,Gold Foil Paper,1
More options from $15.05,Copper Foil Paper,1
More options from $15.14,Fufafayo 1.8l 304 r¨¦servoir de filtre ¨¤ huile en acier inoxydable accueil grande capacit¨¦ cuisine filtre ¨¤ huile r¨¦servoir de stockage moins de 5 $?conomisez jusqu'¨¤ 90%,1
More options from $15.16,tredstone Advent Calendar Christmas Hanging Pendant Kids Family New Year Gnome Non-woven Fabric DIY Wall Calendary Faceless Man Xmas Tree Decoration Gift Gray,1
More options from $15.16,serony Advent Calendar Christmas Hanging Pendant Kids Family New Year Gnome Non-woven Fabric DIY Wall Calendary Faceless Man Xmas Tree Decoration Gift Gray,1
More options from $15.20,Explosion-proof Travel For Office Home Gifts Silver 350ml,1
More options from $15.22,Youkk Multifunctional Korean Noodle Pot Sturdy And Fashion Appearance Easy And Convenient To Noodle Pot gold 20cm 1Set,1
More options from $15.22,Youkk Multifunctional Korean Noodle Pot Sturdy And Fashion Appearance Easy And Convenient To Noodle Pot gold 18cm 1Set,1
More options from $15.24,Qiopertar ?conomisez Chocolate cake Jelly pudding savon trou rond Livraison gratuite jusqu'¨¤ 5 $cette semaine,1
More options from $15.29,yuksok Reusable Metal Cone Paperless Strainer Funnel Golden,1
More options from $15.29,Stainless Steel Bar Bartender Shaker Drink Mixer Professional Bartender Tool Cocktail Mixed Cup Martini Drink Shaker for Bartending Cocktail Lovers Gift,1
More options from $15.43,Qiopertar ?conomisez Porte - Cupcake avec couvercle 10 pouces poign¨¦e transparente porte - Cupcake avec couvercle Offres pour moins de 5 $cette semaine Livraison gratuite,1
More options from $15.45,2-4 Cups,1
More options from $15.49,24PC Cute Cartoon Elf Figures Doll Christmas Gift,1
More options from $15.49,24 Days Countdown Surprise Gift for Girls Teens Adults,1
More options from $15.65,Qiopertar Porte - Cupcake avec couvercle 10 pouces poign¨¦e transparente porte - Cupcake avec couvercle Clearing livraison gratuite Liquidation sp¨¦ciale cette semaine,1
More options from $15.77,Qiopertar Clearance Free Shipping 4 Hand-held Popsicles With Transparent Self-made Ice Cream With Lid under $5 Saving Up To 90% Off,1
More options from $15.77,Fufafayo Free Shipping Clearance 4 Hand-held Popsicles With Transparent Self-made Ice Cream With Lid Deals of the Week Clearance,1
More options from $15.91,Qiopertar Clearance Free Shipping Coffee Filter Cup Drip Cup Hand-brewed Coffee Cup Drip Filter Coffee Filter Cup For Hiking Camping Home Office under $5 Saving Up To 90% Off,1
More options from $15.98,Enqiretly Soup Flask Soup Food Flask Soup Food Flask For Hot Food Flask For Hot Food Soup pink 630ml,1
More options from $15.98,CHUANK Rubber Coffee Cup,1
More options from $15.98,CHOK Rubber Coffee Cup,1
More options from $15.99,Collectibles Figures Gift for Kids #064 A,7
More options from $15.99,veasfak Reusable Metal Cone Paperless Strainer Funnel Golden,1
More options from $15.99,crgrtght Today Deals Prime 304 Three-layer Steel Thickened Hot Oil Small Pot Stainless Steel Deepened Min Splashing Oil Burning Oil Household Small Oil Pot,1
More options from $15.99,Rongfmy Reusable Handmade Cloth Coffee with Wooden Handle Hand Drip Coffee 100mm,1
More options from $15.99,Powder Spreading Bot,1
More options from $15.99,National Lampoon's Christmas Vacation Halloween Vacation Advent Calendar Calendar Contains 24 Christmas Decoration Arrival Calendar Christmas Countdown Calendar Advant Calendar_#052 B,1
More options from $15.99,National Lampoon's Christmas Vacation Halloween Vacation Advent Calendar Calendar Contains 24 Christmas Decoration Arrival Calendar Christmas Countdown Calendar Advant Calendar_#023 A,1
More options from $15.99,National Lampoon's Christmas Vacation Halloween Advent Calendar Contains 24 Advent Calendar Figures Doll Advent Calendar Countdown Calendar with Surprise Collectibles Figures Gift for Kids #064 A,1
More options from $15.99,National Lampoon's Christmas Vacation Halloween Advent Calendar 2024 Contains 24 Gifts Advent Calendar 24 Christmas Arrival Calendar Christmas Countdown Calendar with Christmas Collectibles #023 A,1
More options from $15.99,National Lampoon's Christmas Vacation Halloween Advent Calendar 2024 Advent Calendar Contains 24 Christmas Decoration Arrival Calendar Christmas Countdown Calendar Advant Calendar_#023 A,1
More options from $15.99,National Lampoon's Christmas Vacation Christmas Vacation Advent Calendar Calendar Contains 24 Christmas Decoration Arrival Calendar Christmas Countdown Calendar Advant Calendar_#023 A,1
More options from $15.99,National Lampoon's Christmas Vacation Christmas Vacation Advent Calendar 24 Days Of Holiday Advent Calendar Countdown Calendar Mystery Contains 24 Gifts Advant Calendar_#002 C,1
More options from $15.99,National Lampoon's Christmas Vacation Christmas Vacation Advent Calendar 24 Days Of Holiday Advent Calendar Countdown Calendar Mystery Contains 24 Gifts Advant Calendar_#001 C,1
More options from $15.99,National Lampoon's Christmas Vacation Christmas Vacation Advent Calendar 2024 Advent Calendar Contains 24 Christmas Arrival Calendar Christmas Countdown Calendar with Christmas Collectibles D #052 B,1
More options from $15.99,National Lampoon's Christmas Vacation Christmas Advent Calendar 24 Days Of Holiday Advent Calendar Countdown Calendar Mystery Contains 24 Gifts Advant Calendar_#003 C,1
More options from $15.99,National Lampoon's Christmas Vacation Christmas Advent Calendar 24 Days Of Holiday Advent Calendar Countdown Calendar Mystery Contains 24 Gifts Advant Calendar_#002 C,1
More options from $15.99,National Lampoon's Christmas Vacation Christmas Advent Calendar 2024 Contains 24 Gifts Advent Calendar 24 Christmas Arrival Calendar Christmas Countdown Calendar with Christmas Collectibles #052 B,1
More options from $15.99,National Lampoon's Christmas Vacation Christmas Advent Calendar 2024 Advent Calendar Contains 24 Christmas Decoration Arrival Calendar Christmas Countdown Calendar Advant Calendar_#052 B,1
More options from $15.99,National Lampoon's Christmas Vacation Christmas Advent Calendar 2024 Advent Calendar Contains 24 Christmas Decoration Arrival Calendar Christmas Countdown Calendar Advant Calendar_#023 A,1
More options from $15.99,National Lampoon's Christmas Vacation Advent Calendar for Teens Advent Calendar Contains 24 Christmas Decoration Arrival Calendar Christmas Countdown Calendar Advant Calendar_#052 B,1
More options from $15.99,National Lampoon's Christmas Vacation Advent Calendar for Teens 24 Days Of Holiday Advent Calendar Countdown Calendar Mystery Contains 24 Gifts Advant Calendar_#003 C,1
More options from $15.99,National Lampoon's Christmas Vacation Advent Calendar for Teens 24 Days Of Holiday Advent Calendar Countdown Calendar Mystery Contains 24 Gifts Advant Calendar_#002 C,1
More options from $15.99,National Lampoon's Christmas Vacation Advent Calendar 2024 Kids Advent Calendar Contains 24 Christmas Decoration Arrival Calendar Christmas Countdown Calendar Advant Calendar_#052 B,1
More options from $15.99,National Lampoon's Christmas Vacation Advent Calendar 2024 Adult Advent Calendar Contains 24 Christmas Decoration Arrival Calendar Christmas Countdown Calendar Advant Calendar_#023 A,1
More options from $15.99,National Lampoon's Christmas Vacation Advent Calendar 2024 24 Days Of Holiday Advent Calendar Countdown Calendar Mystery Contains 24 Gifts Advant Calendar_#003 C,1
More options from $15.99,National Lampoon's Christmas Vacation Advent Calendar 2024 24 Days Of Holiday Advent Calendar Countdown Calendar Mystery Contains 24 Gifts Advant Calendar_#002 C,1
More options from $15.99,GUOOL Reusable Handmade Cloth Coffee with Wooden Handle Hand Drip Coffee 100mm,1
More options from $15.99,DOLITY Reusable Handmade Cloth Coffee with Wooden Handle Hand Drip Coffee 100mm,1
More options from $15.99,Coffee Filter Screen Espresso Filtration Screen for Espresso Portafilter Filter 58.5mm,1
More options from $15.99,Coffee Filter Screen Espresso Filtration Screen for Espresso Portafilter Filter 53mm,1
More options from $15.99,Coffee Filter Screen Espresso Filtration Screen for Espresso Portafilter Filter 51.5mm,1
More options from $15.99,Coffee Filter Cup with Disposable Filter Paper Coffee Maker Filter for,1
More options from $15.99,Coffee Filter Cup with Coffee Filter Paper Pour over Coffee Maker for Cafe Clear,1
More options from $15.99,Coffee Filter Cup with Coffee Filter Paper Pour over Coffee Maker for,1
More options from $15.99,Christmas Gifts,1
More options from $16,MAOWAPLG Coffee Gounds Box Stainless Steel Box Built-in Container for Coffee,1
More options from $16.31,serony Advent Calendar Christmas Hanging Pendant Kids Family New Year Gnome Non-woven Fabric DIY Wall Calendary Faceless Man Xmas Tree Decoration Gift Gray,1
More options from $16.47,10 Popsicle Diy Ice Cream Ice Cream,1
More options from $16.50,wolftale 1/2/3/5 Convenient With Anti-Skid For Mess-free Experience Easy To Distributor£¬Easy-to-Clean Steel Coffee Distributor Taste 53mmblack 2PCS,1
More options from $16.50,wolftale 1/2/3/5 Convenient With Anti-Skid For Mess-free Experience Easy To Distributor£¬Easy-to-Clean Steel Coffee Distributor Taste 53mmblack 1 Pc,1
More options from $16.53,68mm,1
More options from $16.55,80g | Multiple Flavours,1
More options from $16.77,Compact Office For Home Colorful,1
More options from $16.79,Strong Applicability Coffee Grinder Disc Enhanced Cutting Ability Stainless Steel For Milk Tea Shop Six Star Cone,1
More options from $16.79,Strong Applicability Coffee Grinder Disc Enhanced Cutting Ability Stainless Steel For Milk Tea Shop Five Star Cone,1
More options from $16.83,crgrtght Open Box Deals Clearance Printed Kitchen Oil Barrier High Temperature Aluminum Foil Oil Baffle,1
More options from $16.83,CHUANK Rubber Coffee Cup,1
More options from $16.83,CHOK Rubber Coffee Cup,1
More options from $16.87,orange),1
More options from $16.87,YUANOU A7V5T1N-WAIBB(Perfect color),1
More options from $16.87,YUANOU A7V5T1M-WAVXG(Caramel color),1
More options from $16.87,YUANOU A7V5T1C-WAICA(G for blue),1
More options from $16.96,National Lampoon's Christmas Advent Calendar Gifts,1
More options from $16.99,oneOone Viscose Jersey White Fabric Skull Craft Project Decor Fabric Printed By The Yards 60 Inches Wide,1
More options from $16.99,oneOone Viscose Chiffon Mustard Yellow Fabric Skull Fabric For Sewing Printed Craft Fabric By The Yard 42 Inch Wide,1
More options from $16.99,oneOone Velvet Purple Fabric Skull Craft Projects Decor Fabric Printed By The Yard 58 Inch Wide,1
More options from $16.99,oneOone Silk Tabby Mustard Yellow Fabric Skull Quilting Supplies Print Sewing Fabric By The Yards 42 Inches Wide,1
More options from $16.99,oneOone Silk Tabby Light Green Fabric Skull Fabric For Sewing Printed Craft Fabric By The Yard 42 Inch Wide,1
More options from $16.99,oneOone Polyester Lycra Dusty Teal Green Fabric Crocodile Animal Skin Quilting Supplies Print Sewing Fabric By The Yard 56 Inch Wide,1
More options from $16.99,oneOone Georgette Viscose Royal Blue Fabric Crocodile Animal Skin Sewing Material Print Fabric By The Yard 42 Inch Wide,1
More options from $16.99,oneOone Cotton Silk Blush Pink Fabric Crocodile Animal Skin Fabric For Sewing Printed Craft Fabric By The Yard 42 Inch Wide,1
More options from $16.99,oneOone Cotton Poplin White Fabric Skull Diy Clothing Quilting Fabric Print Fabric By Yard 56 Inch Wide,1
More options from $16.99,oneOone Cotton Poplin Twill White Fabric Skull Dress Material Fabric Print Fabric By The Yard 56 Inch Wide,1
More options from $16.99,oneOone Cotton Poplin Twill Orange Fabric Skull Fabric For Sewing Printed Craft Fabric By The Yard 56 Inch Wide,1
More options from $16.99,oneOone Cotton Poplin Twill Maroon Fabric Crocodile Animal Skin Sewing Craft Projects Fabric Prints By Yard 56 Inch Wide,1
More options from $16.99,oneOone Cotton Poplin Orange Fabric Skull Dress Material Fabric Print Fabric By The Yard 42 Inch Wide,1
More options from $16.99,oneOone Cotton Flex Dusty Green Fabric Crocodile Animal Skin Craft Projects Decor Fabric Printed By The Yard 40 Inch Wide,1
More options from $16.99,Small Egg White Divider Practical Cute Cartoon Ceramic Portable Egg Filter for S,1
More options from $16.99,Paperless Coffee Filter Portable Metal Cone Filter for Camping Hiking Travell,1
More options from $16.99,Paperless Coffee Filter Portable Metal Cone Filter for Camping Hiking,1
More options from $16.99,Countdown Calendar for Girl Kids Teens,1
More options from $16.99,Christmas Countdown Calendar With Surprise Toys,1
More options from $16.99,Christmas,1
More options from $16.99,68mm Ay Tsao,1
More options from $16.99,68mm,1
More options from $16.99,24PC Cute Cartoon Elf Figures Doll Christmas Gift,1
More options from $16.99,24-Days Christmas Countdown Calendar Jewelry Gifts,1
More options from $16.99,24 Days Countdown Surprise Gift for Girls Teens Adults,1
More options from $17.01,Unatoiry Gourd Decor Symbol Of Happiness And Luck Handmade Gourd Decoration For Home Food Grade Drinks 250ml 13-15cm 3Set,1
More options from $17.01,Unatoiry Gourd Decor Symbol Of Happiness And Luck Handmade Gourd Decoration For Home Food Grade Drinks 250ml 13-15cm 2Set,1
More options from $17.20,6 Hook Coffee Cup Dryer Kitchen Coffee Mug Tree Countertop Tea Cups Holder,1
More options from $17.20,530ml 100% Pure Copper Mug Moscow Mule Mug Drum Cup Cocktail Cup Pure Copper Mug Restaurant Bar Col,1
More options from $17.20,40pcs Ball Bearings 4x8x3mm 8x12x3.5mm For Himoto E18 1/18 Rc Car Spare Parts A949 A959 A969 A979 A,1
More options from $17.20,4 Pcs Aluminum Heatsink Shim Spreader Cooler Cooling For Ddr Ram Memory Desktop Memory Radiator Ddr,1
More options from $17.20,2x Differential M16018 For Hbx 16889 16889a 16890 16890a Sg 1601 Sg 1602 Sg1601 Sg1602 Rc Car Parts,1
More options from $17.24,Enqiretly Soup Flask Soup Food Flask Soup Food Flask For Hot Food Flask For Hot Food Soup green 630ml,1
More options from $17.30,Strong Applicability Coffee Grinder Disc Enhanced Cutting Ability Stainless Steel For Milk Tea Shop Six Star Cone,1
More options from $17.30,Compact Office For Home Colorful,1
More options from $17.31,AMERTEER 4pcs/set Seasoning Box Jam Extruded Bottles Set Barbecue Tuning Bottle Home Sauce Bottle Kitchen Transparent Flavor Extrusion Bottles,1
More options from $17.44,24 Pieces Christmas Calendar Bags DIY Candy Snacks Stickers Decor Gift Storage Holiday Home Decoration with Stickers Clips for Adults A,1
More options from $17.44,24 Pieces Christmas Calendar Bags DIY Adult Candy Snacks Gift Storage Holiday Home Decoration with Stickers Clips for Adults A,1
More options from $17.44,24 Pieces Christmas Calendar Bags Burlap Cloth Toy DIY Candy Snacks Gift Storage Holiday Home Decoration with Stickers Clips for Adults Numbers,1
More options from $17.57,Ruiboury 1/2/3/5 9Pcs Filter Mesh Replacement Strainer Resistant Tea Maker Filters Home 5PCS,1
More options from $17.62,Faucet Splash Catcher Silicone Absorbent Mat for Bathroom Vanity,1
More options from $17.63,RXIRUCGD Shoes Toddler Shoes Boys Girls British Style Knitted Elasticated Fashion Lace-up Non-slip Comfortable,1
More options from $17.71,15x20cm,1
More options from $17.72,serony 24 Pockets Santa Claus Christmas Advent Calendar Wall Hanging Ornament Snacks Biscuits Home Bedroom Living Room Decoration Red,1
More options from $17.75,HEVIRGO Spoons Exquisite Not Rust 2 Colors Carved Metal Mini Shovel for Kitchen,1
More options from $17.86,Seasoning box portable outdoor camping barbecue seasoning can food-grade home sealed seasoning can salt MSG storage box.,1
More options from $17.87,pimelu 50pcs Empty Teabags String Heat Filter Paper Herb Loose Tea Bag Summer Savings Clearance Labour Day,1
More options from $17.99,crgrtght Up to 60% off Gifts DIY 4 Homemade Ice Cream Chocolate Candy With 20 Wooden Sticks,1
More options from $17.99,Wooden Christmas Frame Advent Countdown Calendar Empty DIY Refillable Unfinished Chocolate Rack Ornament Miniature Gift Animal,1
More options from $17.99,Siliconen Koffie Filter Dispenser Opbergdoos met Rek Duurzaam Multifunctioneel Pink,1
More options from $17.99,Siliconen Koffie Filter Dispenser Opbergdoos met Rek Duurzaam Multifunctioneel Grey,1
More options from $17.99,National Lampoon¡¯s Christmas Vaca-tion Advent Calendar 2024 New - 24 Day Christmas Vacation Advent Calendar - Advent Calendar National Lampoon 24 Gifts - National Lampoon Advent Calendar (24 Day),1
More options from $17.99,Kids Toys for 3 4 5 6 7 8 Years Old Boys Girls,1
More options from $17.99,Countdown Calendar for Girl Kids Teens,1
More options from $17.99,Countdown Calendar With Dachshund Dogs Christmas Gift,1
More options from $17.99,Christmas Vacation Figures and Accessories Christmas Countdown Calendar Gift,1
More options from $17.99,Christmas Vacation Figures Christmas Countdown Calendar Gift,1
More options from $17.99,Christmas Advent Calendar 2024,1
More options from $17.99,Children Toys for 3+ Boys Girls,1
More options from $17.99,24PCS Cute Cartoon Puppy Figures Doll Xmas Vacation Stocking Stuffer Gifts,1
More options from $17.99,24PC Cute Cartoon Elf Figures Doll Christmas Gift,1
More options from $17.99,24 Days Countdown Surprise Gift for Girls Teens Adults,1
More options from $17.99,24 Day Christmas,1
More options from $18.08,fastboy 24 Pockets Santa Claus Christmas Advent Calendar Wall Hanging Ornament Snacks Biscuits Home Bedroom Living Room Decoration Red,1
More options from $18.08,Fruit Food Candy Stand For Christmas,1
More options from $18.14,Gloss Gold,1
More options from $18.15,relayinert Stylish And Practical Glass Coffee And Tea Pot For Everyday Transparent Color 600ml pot,1
More options from $18.15,Gray One Size,1
More options from $18.15,Gloss Gold,1
More options from $18.15,Beige One Size,1
More options from $18.19,tomates au citron ¨¤ la main Livraison gratuite jusqu'¨¤ 5 $cette semaine Livraison gratuite,1
More options from $18.27,MAOWAPLG Coffee Gounds Box Stainless Steel Box Built-in Container for Coffee,1
More options from $18.32,Gloss Gold,1
More options from $18.37,crgrtght Open Box Deals Clearance Coffee Cup Filter Screen Double-layer Portable Hand Brewed Coffee Folding Ear Filter Drip Coffee Coffee Cup,1
More options from $18.42,ZheElen Clean Water Fresh Taste Coffee Filter For Pure Enjoyment Can Effectively Reduce Chlorine Content light blue,1
More options from $18.42,Baohd Remove Heavy Metals And Contaminants Water Filter For Cleaner Brew And Floating Debris Coffee Filter light blue,1
More options from $18.50,Gloss Gold,1
More options from $18.53,Explosion-proof Travel For Office Home Gifts Silver 350ml,1
More options from $18.62,Gloss Gold,1
More options from $18.81,mmirethe 200pieces Easy To Carry Tea Filter Bag Drawstring Made With Non-woven Tea Bags white 2Set,1
More options from $18.83,Qiopertar ?conomisez Plantes de jardin dispositif d'arrosage int¨¦rieur automatique cygne mignon escargot cygne verre Livraison gratuite jusqu'¨¤ 5 $cette semaine Livraison gratuite,1
More options from $18.83,Qiopertar ?conomisez Connecteur enti¨¨rement automatique sans fil d¨¦nud¨¦ Livraison gratuite jusqu'¨¤ 5 $cette semaine,1
More options from $18.83,Gloss Gold,1
More options from $18.84,simhoa Reusable Metal Cone Paperless Strainer Funnel Golden,1
More options from $18.98,Coofit Artificial French Bread Long - Fake Baguette Simulation Food Prop for Kitchen,1
More options from $18.99,Rongfmy Reusable Metal Cone Paperless Strainer Funnel Golden,1
More options from $18.99,Paperless Coffee Filter Portable Metal Cone Filter for Camping Hiking Travell,1
More options from $18.99,Paperless Coffee Filter Portable Metal Cone Filter for Camping Hiking,1
More options from $18.99,Kids Toys for 3 4 5 6 7 8 Years Old Boys Girls,1
More options from $18.99,Coffee Pot pour Multi-Color Dripper Scientifically Designed Great Hand Anti-Scald Strainer Filter Cup for Pot Restaurant Camping Coffee-Maker - Transparent Pot,1
More options from $18.99,Coffee Pot Pour Multi-Color Dripper Scientifically Designed Great Hand Anti-Scald Strainer Filter Cup for Pot Restaurant Camping Coffee-Maker,1
More options from $18.99,Christmas Advent Calendar 2024 Contains 24 Christmas Acrylic Decoration Arrival Calendar Christmas Countdown Calendar With Surprise Pedants Christmas Colle,1
More options from $18.99,Children Toys for 3+ Boys Girls,1
More options from $18.99,24PCS Cute Cartoon Puppy Figures Doll Xmas Vacation Stocking Stuffer Gifts,1
More options from $18.99,24PC Cute Cartoon Elf Figures Doll Christmas Gift,1
More options from $189.98,Concession Stand Slushy Syrup 5:1 Concentrate - 1 Gallon Bulk Food Service - Multiple Flavors (4/CASE),1
More options from $189.99,Concession Stand Slushy Syrup 5:1 Concentrate - 1 Gallon Bulk Food Service - Multiple Flavors (4/CASE),1
More options from $19.10,relayinert Stylish And Practical Glass Coffee And Tea Pot For Everyday Transparent Color 600ml pot,1
More options from $19.19,POINTERTECK 5Pcs Homemade Beer Filter Bag Brewing Boiling Herb Strainer Filtering Net Pouch,1
More options from $19.20,Reusable Popsicle Stick With For Homemade Popsicles & Ice Cream under $5 Saving Up To 90% Off,1
More options from $19.21,Canteen Jewel Shape Knock Box,1
More options from $19.23,Qiopertar ?conomisez Cuill¨¨re ¨¤ huile de filtre en acier inoxydable cuill¨¨re ¨¤ huile de filtre multifonction en acier inoxydable maille fine filtre ¨¤ huile ?conomisez jusqu'¨¤ 90%,1
More options from $19.23,7 pouces pour th¨¦ dessert assaisonnement or Livraison gratuite jusqu'¨¤ 5 $cette semaine Livraison gratuite,1
More options from $19.26,Compact Office For Home Colorful,1
More options from $19.31,24 Pieces Christmas Calendar Bags DIY Candy Snacks Candy Punch Fabric Gift Storage Holiday Home Decoration with Stickers Clips for Adults A,1
More options from $19.37,15x20cm,1
More options from $19.37,100Pcs/Lot Teabags Lightweight Empty Square Cooking Spice Scented Tea Bags with Seal Filter Paper Natural Drawstring Herb Pouch 100pcs 7x9cm,1
More options from $19.37,100Pcs/Lot Teabags Lightweight Empty Square Cooking Spice Scented Tea Bags with Seal Filter Paper Natural Drawstring Herb Pouch 100pcs 6x8cm,1
More options from $19.45,Coffee Color,1
More options from $19.51,24 Pieces Christmas Calendar Bags DIY Candy Snacks Gift Gift Bag Birthday Storage Holiday Home Decoration with Stickers Clips for Adults A,1
More options from $19.63,Qiopertar Clearance Free Shipping Portable Snack Platter Compartmentalized Storage Snack Candy Box under $5 Saving Up To 90% Off,1
More options from $19.70,3x New Lavender Matte Powder Oil Control Face Pressed Powder Long Lasting Compact Powder With Mini Puff Nude Makeup Setting Powder,1
More options from $19.72,RXIRUCGD Shoes Toddler Shoes Boys Girls British Style Knitted Elasticated Fashion Lace-up Non-slip Comfortable,1
More options from $19.79,15x20cm,1
More options from $19.82,Qiopertar ?conomisez Sir¨¨ne cuill¨¨re ¨¤ caf¨¦ en acier inoxydable tasse suspendue cuill¨¨re ¨¤ caf¨¦ cuill¨¨re color¨¦e Livraison gratuite jusqu'¨¤ 5 $cette semaine Livraison gratuite,1
More options from $19.82,Qiopertar ?conomisez Accueil Cuisine nutrition cuill¨¨re balance nouveau pet Food cuill¨¨re pesage balance ¨¦lectronique cuill¨¨re cuisine de pr¨¦cision Baking Scale ?conomisez jusqu'¨¤ 90%,1
More options from $19.84,Prima Marketing CP635-381 Buckram Binding Redesign Chalk Paste,1
More options from $19.97,Spice Supreme - Seasoned Salt (149g) 380024,1
More options from $19.99,yuksok Reusable Metal Cone Paperless Strainer Funnel Golden,1
More options from $19.99,simhoa Reusable Metal Cone Paperless Strainer Funnel Golden,1
More options from $19.99,Rongfmy Reusable Metal Cone Paperless Strainer Funnel Golden,1
More options from $19.99,Pride of India ¨C Tikka Curry Masala Seasoning Spice ¨C Gourmet Curry Mix ¨C Ideal for Vegetarian and Meat Dishes ¨C Natural & GMO Free ¨C Easy To Use - 7 oz. Medium Dual Sifter Jar,1
More options from $19.99,Pride of India ¨C Green Cardamom Whole ¨C Gourmet & Aromatic Spice ¨C Flavoring agent for bakes/teas/drinks & more ¨C Full Bodied Green Pods ¨C 6 oz. Medium Dual Sifter Jar,1
More options from $19.99,Pride of India ¨C Fenugreek Seed Whole ¨C Whole & Gourmet Indian Spice ¨C Ideal Seasoning for Cooking ¨C Free of Preservatives ¨C Easy to Use ¨C 12 oz. Medium Dual Sifter Jar,1
More options from $19.99,Pride of India ¨C Black Mustard Seed ¨C Gourmet & Vegan Indian Spice ¨C Pungent/Spicy Flavor ¨C Dry Seasoning - Gluten & GMO Free ¨C Easy to Use ¨C 12 oz. Medium Dual Sifter Bottle,1
More options from $19.99,National Lampoon's Christmas Vacation Halloween Advent Calendar Calendar Contains 24 Christmas Decoration Arrival Calendar Christmas Countdown Calendar Advant Calendar_#073 A,1
More options from $19.99,National Lampoon's Christmas Vacation Advent Calendar for Teens Advent Calendar Contains 24 Christmas Decoration Arrival Calendar Christmas Countdown Calendar Advant Calendar_#073 A,1
More options from $19.99,National Lampoon's Christmas Vacation Advent Calendar 2024 Advent Calendar Contains 24 Christmas Decoration Arrival Calendar Christmas Countdown Calendar Advant Calendar_#073 A,1
More options from $19.99,Durable and Easy to Clean,1
More options from $19.99,DOLITY Reusable Metal Cone Paperless Strainer Funnel Golden,1
More options from $19.99,Coffee Color,1
More options from $19.99,Christmas Advent Calendar 2024 Contains 24 Christmas Acrylic Decoration Arrival Calendar Christmas Countdown Calendar With Surprise Pedants Christmas Colle,1
More options from $19.99,"2x Pudding Tray Jelly for Home Kitchen Silicone Ice /Ball Mould Accessory,",1
More options from $2.29,pimelu Printed Kitchen Oil Barrier High Temperature Aluminum Foil Oil Baffle Flyer Deals Home Savings Clearance Canada Day Canada Day,1
More options from $2.29,pimelu Printed Kitchen Oil Barrier High Temperature Aluminum Foil Oil Baffle Deals Home Savings Clearance Up to 60% Off Flyer Deals,1
More options from $2.29,onlyliua Holiday Deals Details About Tea Infuser Strainer Tea Bag Leaf Filter Diffuser Flash Deals,1
More options from $2.29,Up to 95% off Gifts onlyliua Details About Tea Infuser Strainer Tea Bag Leaf Filter Diffuser for Indoor/Outdoor,1
More options from $2.29,Summer Savings onlyliua Details About Tea Infuser Strainer Tea Bag Leaf Filter Diffuser Holiday Deals,1
More options from $2.29,Sentmoon Wal-mart Deals Rose Flower Ice Cocktail Mix Ice Rose Flower 4 With Ice Tray Deals of the Day Clearance Prime,1
More options from $2.29,Sentmoon Wal-mart Deals Rose Flower Ice Cocktail Mix Ice Rose Flower 4 With Ice Tray Deals of The Day,1
More options from $2.29,Sentmoon Deals of the Day Clearance Prime Rose Flower Ice Cocktail Mix Ice Rose Flower 4 With Ice Tray Wal-mart Deals,1
More options from $2.29,Giunmcul Four-compartment Snack Box Today Discount,1
More options from $2.29,Giunmcul Four-compartment Snack Box Festival Gift,1
More options from $2.39,100pcs Empty Teabags String Heat Filter Paper Herb Loose Tea Bag,1
More options from $2.40,auto - scell¨¦ moins de 5 $?conomisez jusqu'¨¤ 90%,1
More options from $2.43,Double Layer Candy And Dried Fruit Rotating Design Dessert,1
More options from $2.44,Qiopertar liquidation 5 en 1 r¨¦cipient d'¨¦pices et poivre Shaker Clear Flavor Shaker Peut filtrer le pot d'¨¦pices en bloc pour la cuisine de la maison Restaurant cuisson steak Grill,1
More options from $2.44,Fufafayo 5 en 1 r¨¦cipient d'¨¦pices et poivre Shaker Clear Flavor Shaker Peut filtrer le pot d'¨¦pices en bloc pour la cuisine de la maison Restaurant cuisson steak Grill,1
More options from $2.47,113g-708g,1
More options from $2.59,Shower Shelves With Hangin Big Savings,1
More options from $2.61,6X Round Leather Coaster Set Leather Coaster PU Premium Insulation Pad,1
More options from $2.64,onlyliua Holiday Deals 4 Hand-held Popsicles With Transparent Self-made Ice Cream With Lid,1
More options from $2.64,onlyliua Canada Day 13-hole Food Honeycomb Ice Tray With Lid DIY Ice Box Food Suppleme,1
More options from $2.68,Sentmoon Deals of the Day Clearance Prime Printed Kitchen Oil Barrier High Temperature Aluminum Foil Oil Baffle Todays Deals Clearance Sales,1
More options from $2.73,Up to 95% off Gifts Xihbxyly Rose Flower Ice Cocktail Mix Ice Rose Flower 4 With Ice Tray Holiday Gift Finder,1
More options from $2.85,Empty Tea Bags Filter Loose Paper Teabags Herb K U String Seal NEW F0V7,1
More options from $2.85,Empty Tea Bags Filter Loose Paper Teabags Herb K U String Seal NEW C2G1,1
More options from $2.89,10 20ml 20 40ml Cocktail Shaker Measuring Cup Scale Cup Bar Tool Transparent,1
More options from $2.92,Qiopertar Liquidation Bac ¨¤ bonbons de paille de bl¨¦ bac ¨¤ fruits ¨¤ coques bac ¨¤ fruits rond bac ¨¤ fruits secs carr¨¦ couleur unie snack snack snack snack bac ¨¤ bonbons snack bac r¨¦cepteur,1
More options from $2.93,Up to 95% off Gifts onlyliua Whiskey Wedge + Glass Ice Film Whisky Glass Layered Glass Clearance Items,1
More options from $2.97,non-dairy,1
More options from $2.97,E-BLACK RIVER BLK RIVER APPLE MNGO,1
More options from $2.97,E-BLACK RIVER BLACKRIVER APPL MANG,1
More options from $2.97,Dairy-Free 946ml,1
More options from $2.99,Flash Deals,2
More options from $2.99,d¨¦coration de g?teau de sucre et gravure,1
More options from $2.99,de la farin,1
More options from $2.99,Viflosae Christmas Wooden Door Hanging Christmas Decorations Hotel Welcome Pendant Faceless Dwarf Doll Door Hanging Holiday Deals,1
More options from $2.99,Savings,1
More options from $2.99,Online Shopping,1
More options from $2.99,Gaqring Couvercle ¨¦tanche couvercle de chaudi¨¨re couvercle ¨¤ huile couvercle de chaudi¨¨re vaisselle Tomorrow Delivery,1
More options from $2.99,Gaqring 100pcs Empty Teabags String Heat Filter Paper Herb Loose Tea Bag on Clearance,1
More options from $2.99,Gaqring 100pcs Empty Teabags String Heat Filter Paper Herb Loose Tea Bag Up to 60% off Gifts,1
More options from $2.99,Gaqring 100pcs Empty Teabags String Heat Filter Paper Herb Loose Tea Bag Holiday sales,1
More options from $2.99,Gaqring 100pcs Empty Teabags String Heat Filter Paper Herb Loose Tea Bag Free,1
More options from $2.99,Gaqring 100pcs Empty Teabags String Heat Filter Paper Herb Loose Tea Bag Deals,1
More options from $2.99,Fufafayo Offres flash Cobaye hamster sachet sac respirant portable,1
More options from $2.99,Fufafayo Des ¨¦conomies! Couvercle ¨¦tanche couvercle de chaudi¨¨re couvercle ¨¤ huile couvercle de chaudi¨¨re vaisselle,1
More options from $2.99,Fufafayo Des ¨¦conomies! 100 sachets de th¨¦ vides Brochettes de papier filtre thermique Grass Pine Tea Pack,1
More options from $2.99,Deals,1
More options from $20.04,[CLEARANCE]Resin Statue Figurine Ornament Traditional Style Doll Home Decoration,1
More options from $20.15,crgrtght Open Box Deals Clearance Rose Flower Ice Cocktail Mix Ice Rose Flower 4 With Ice Tray,1
More options from $20.23,Spice Supreme Garlic Powder 49g 380109,1
More options from $20.23,Spice Supreme - Thyme Leaves (35g) 380628,1
More options from $20.23,Spice Supreme - Onion Powder (49g) 380376,1
More options from $20.23,Spice Supreme - Curry Powder (63g) 380437 - Pack of 6,1
More options from $20.23,Spice Supreme - Curry Powder (63g) 380437,1
More options from $20.25,10 Popsicle Diy Ice Cream Ice Cream,1
More options from $20.30,26Pcs Mesh Net Cup Kit 3 In Mesh Net Pot Cups for,1
More options from $20.32,Collapsible Shower Threshold Water Dam Water Flood Barrier Water Stopper For Shower,1
More options from $20.35,Dispenser Snacks of Dispenser Portable Snacks Sweets 9.5 Ounces for Dispenser Snacks Less Than 0.7 Inch,1
More options from $20.39,4 bars,1
More options from $20.40,Gloss Gold,1
More options from $20.51,10Pcs Halloween Candy Box Moon Shape Pumpkin Black Cat Ghost Witch Skeleton Paper Chocolate Biscuit Treat Snack Goodies Cake Packaging Box Kit Party Supplies,1
More options from $20.79,VONKY Aluminum Alloy Spray Proof Kitchen Modern Multi-functional Easy To Clean Easy To Install silver 5Set,1
More options from $20.79,VONKY Aluminum Alloy Spray Proof Kitchen Modern Multi-functional Easy To Clean Easy To Install silver 3Set,1
More options from $20.79,VONKY Aluminum Alloy Spray Proof Kitchen Modern Multi-functional Easy To Clean Easy To Install silver 2Set,1
More options from $20.79,VONKY Aluminum Alloy Spray Proof Kitchen Modern Multi-functional Easy To Clean Easy To Install silver 1Set,1
More options from $20.80,Men Adjustable Drawstring Swim Shorts Board Shorts Swimwear Quick-dry Beach Shorts with Swimming Cap,1
More options from $20.82,relayinert Stylish And Practical Glass Coffee And Tea Pot For Everyday Transparent Color 600ml pot,1
More options from $20.97,poivrons et piments dans la cuisine,1
More options from $20.97,Spice Supreme - Seasoned Salt (149g) 380024,1
More options from $20.99,68mm,2
More options from $20.99,yuksok Reusable Metal Cone Paperless Strainer Funnel Golden,1
More options from $20.99,koolsoo Strainer Coffee Pot Drip with Wooden Holder Multi-color Convenient to Western Transparent Pot,1
More options from $20.99,crgrtght Split Service Tray portable snack box avec couvercle et poign¨¦e Deli Container Sealed snack Box pour pique - nique Fun Party,1
More options from $20.99,TINGYI Reusable Coffee Capsule Pod Filter Cups Set With Spoon Brush For Dolce Gusto2 PAKCS 2 PAKCS,1
More options from $20.99,New Reusable Coffee Capsule Pod Filter Cups Set With Spoon Brush For Dolce Gusto 2 packs,1
More options from $20.99,Including Reindeer Santas Christmas House Puppies Christmas Creative Gifts,1
More options from $20.99,Including Reindeer Santas Christmas House Christmas Gifts,1
More options from $20.99,Hot Style! National-Lampoon-S-Christmas Advent Calendar 2024 -- 24 Days Holiday Advent Calendar 2D Pendants Countdown Calendar Including Reindeer Santas Christmas House Puppies Christmas Gifts,1
More options from $20.99,GUOOL Reusable Metal Cone Paperless Strainer Funnel Golden,1
More options from $20.99,Countdown Calendar for Girl Kids Teens,1
More options from $20.99,Countdown Advent Calendar Christmas Gifts for Kids Halloween Decor,1
More options from $20.99,Commercial Seaweed Sushi Do Special Sushi Curtain,1
More options from $20.99,Christmas Countdown Calendar Gifts for Kids,1
More options from $20.99,68mm Ay Tsao,1
More options from $20.99,24PCS Cute Cartoon Puppy Figures Doll Xmas Vacation Stocking Stuffer Gifts,1
More options from $20.99,24PC Cute Cartoon Elf Figures Doll Christmas Gift,1
More options from $20.99,24 Days Countdown Surprise Gift for Girls Teens Adults,1
More options from $20.99,24 Days Advent Calendar 2D Pendants Countdown Calendar Including Reindeer Santas Christmas House Puppies Christmas Creative Gifts,1
More options from $21.01,100 unidades,1
More options from $21.03,Collapsible Shower Threshold Water Dam Water Flood Barrier Water Stopper For Shower,1
More options from $21.20,VONKY Aluminum Alloy Spray Proof Kitchen Modern Multi-functional Easy To Clean Easy To Install silver 5Set,1
More options from $21.20,VONKY Aluminum Alloy Spray Proof Kitchen Modern Multi-functional Easy To Clean Easy To Install silver 3Set,1
More options from $21.20,VONKY Aluminum Alloy Spray Proof Kitchen Modern Multi-functional Easy To Clean Easy To Install silver 2Set,1
More options from $21.20,VONKY Aluminum Alloy Spray Proof Kitchen Modern Multi-functional Easy To Clean Easy To Install silver 1Set,1
More options from $21.22,68mm,1
More options from $21.24,Spice Supreme Garlic Powder 49g 380109,1
More options from $21.29,Spice Supreme Paprika 70g 380093,1
More options from $21.29,Spice Supreme Lemon Pepper 141g 380222,1
More options from $21.29,Spice Supreme - Pure Ground Sage (50g) 380314,1
More options from $21.29,Spice Supreme - Italian Seasoning (21g) 380048 - Pack of 3,1
More options from $21.29,Spice Supreme - Imitation Rum Flavor (59ml) 309704 - Pack of 12,1
More options from $21.29,Spice Supreme - Imitation Rum Flavor (59ml) 309704,1
More options from $21.29,Spice Supreme - Imitation Bacon Bits(67g) 380079 - Pack of 3,1
More options from $21.29,Spice Supreme - Imitation Bacon Bits(67g) 380079,1
More options from $21.29,Spice Supreme - Ground All Spice 2.75 Oz (78g),1
More options from $21.29,Spice Supreme - Garlic & Pepper Seasoning (149g) 380147 - Pack of 3,1
More options from $21.29,Spice Supreme - Garlic & Pepper Seasoning (149g) 380147 - Pack of 12,1
More options from $21.29,Spice Supreme - Garlic & Pepper Seasoning (149g) 380147,1
More options from $21.29,Spice Supreme - Cajun Spice Seasoning (127g) 380413 - Pack of 12,1
More options from $21.29,Spice Supreme - Cajun Spice Seasoning (127g) 380413,1
More options from $21.29,Spice Supreme - Basil Leaves (21g) 380291 - Pack of 12,1
More options from $21.29,Spice Supreme - Basil Leaves (21g) 380291,1
More options from $21.29,Spice Supreme - Barbecue Spice (156G) 380178 - Pack of 3,1
More options from $21.29,Spice Supreme - Barbecue Spice (156G) 380178,1
More options from $21.29,SPICE SUPREME Meat Seasoned Tenderizer 5-3/4oz (162g) - Pack of 3,1
More options from $21.29,SPICE SUPREME Meat Seasoned Tenderizer 5-3/4oz (162g),1
More options from $21.33,les champi,1
More options from $21.40,Christmas Decorations 3PCS Artificial Hanging Plants For Wall Indoor Outdoor Decoration (No Baskets) Christmas Gifts,1
More options from $21.70,a?o nuevo,1
More options from $21.85,20/50PCS Halloween Christmas Candy Package Card Snowman Santa Lollipop Holder Biscuits Decoration Kids Gift Home DIY Supplies,1
More options from $21.99,68mm,5
More options from $21.99,68mm Ay Tsao,1
More options from $22.09,22mm,1
More options from $22.35,Spice Supreme Lemon Pepper 141g 380222,1
More options from $22.35,Spice Supreme - Imitation Rum Flavor (59ml) 309704,1
More options from $22.35,Spice Supreme - Imitation Bacon Bits(67g) 380079 - Pack of 3,1
More options from $22.35,Spice Supreme - Imitation Bacon Bits(67g) 380079,1
More options from $22.35,Spice Supreme - Ground All Spice 2.75 Oz (78g),1
More options from $22.35,Spice Supreme - Basil Leaves (21g) 380291,1
More options from $22.39,Spice Supreme Roast Beef Seasoning 11 Oz - Pack of 12,1
More options from $22.39,Spice Supreme Roast Beef Seasoning 11 Oz,1
More options from $22.39,Spice Supreme Fish Seasoning 9.25 Oz,1
More options from $22.40,Under Quick Bike Saddle Tube,1
More options from $22.40,Tube Waterproof Under Saddle Tube Waterproof Bike Saddle Tube Waterproof Under Quick,1
More options from $22.41,Rockwell's - Liquid Coconut Oil Organic | Multiple Sizes,1
More options from $22.60,thinsony 24 Pockets Santa Claus Christmas Advent Calendar Wall Hanging Ornament Snacks Biscuits Home Bedroom Living Room Decoration Red,1
More options from $22.62,1 unidad,1
More options from $22.83,1 bottle dessert coloring powder baking pigment DIY mousse fondant macaron spray powder cake color decorating tool,1
More options from $22.84,Mini batidores de acero inoxidable batidor peque?o 5 5 pulgadas y 7 pulgadas para batir batir mezclar ingredientes mezclar salsas,1
More options from $22.90,Water Pump Housing Replacement For Tohatsu Outboard 4hp 5hp 6hp 2 4 Stroke Engine 369650161,1
More options from $22.90,Landmann And Other,1
More options from $22.90,Chroma,1
More options from $22.99,Large,2
More options from $22.99,Qiopertar Shaker de prot¨¦ine ¨¦lectrique Shaker ¨¦lectrique avec bo?te ¨¤ poudre tasse de m¨¦lange enti¨¨rement automatique moins de 5 $?conomisez jusqu'¨¤ 90% Clearing livraison gratuite,1
More options from $22.99,Medium,1
More options from $22.99,LAICAIW Women Casual Summer Mid Waist Stretchy Denim Jean Shorts Junior Short Jean,1
More options from $23.02,Thinsony Replace Every 3 Months For Clean Water Coffee Filter For Best Results Impurities Filter For Coffee light blue,1
More options from $23.25,crgrtght ?conomisez! 3 en 1 acier inoxydable double vide Cola canette bouteille de bi¨¨re 12oz refroidisseur d'isolation avec ouvre - bouteille Clearing livraison gratuite,1
More options from $23.43,5 unids/lote,1
More options from $23.57,Elodie 2pcs Dried Flowers BouquetS Dried Plants Wedding Boho,1
More options from $23.63,relayinert Stylish And Practical Glass Coffee And Tea Pot For Everyday Transparent Color 600ml pot,1
More options from $23.99,crgrtght Up to 60% off Gifts Ice Cream With Lid Popsicle Summer Ice Cream,1
More options from $23.99,Premium Refillable Manual Adjustable and Coarse Mill Short with stand,1
More options from $23.99,Ener-C - Vitamin C Effervescent Powdered Drink Mix Raspberry 1000 mg. - 30 Packet(s),1
More options from $23.99,Ener-C - Vitamin C Effervescent Powdered Drink Mix Orange 1000 mg. - 30 Packet(s),1
More options from $23.99,Adjustable and Spice Coarse Mill Grinding Kitchen Short,1
More options from $24,Trimmer Carburetor Accessory Trimmer Carburetor Compatible Husqvarna 243r 243rj 543rbk 543rbx 543rs 543ae,1
More options from $24,Rtu5024 Gsm Gate Door Opener Relay Switch Phone Remote Controller,1
More options from $24,Poker Rank Of Hands Vintage Look 20x30 Cm Iron Decoration Art Sign For Home Kitchen Bathroom Farm Ga,1
More options from $24,Ignition Key Switch Replacement Fits For Mercury Outboard Remote Control Box Man Jia,1
More options from $24,Gloss Gold,1
More options from $24,Exhaust Pipe Muffler Gaskets For 2004-2007 For Rhino 660 Yxr660f 4x4,1
More options from $24,Door Hanging Hamper Bag Laundry Basket Dirty Clothes Storage Pouch For,1
More options from $24,Children Electric Vehicles Replacement Parts-as,1
More options from $24.02,Toddler Baby Boy Girl Fall Clothes Solid Turtleneck Knit Long Sleeve Sweater Pullover Winter Warm Tops Oufits Coffee 7-8 Years,1
More options from $24.08,Costwax Clearance Sales Today Deals Prime Dispenser Snacks Of Dispenser Portable Snacks Sweets 9.5 Ounces For Dispenser Snacks Less Than 0.7 Inch,1
More options from $24.13,crgrtght ?conomisez! 1.8l 304 r¨¦servoir de filtre ¨¤ huile en acier inoxydable accueil grande capacit¨¦ cuisine filtre ¨¤ huile r¨¦servoir de stockage Clearing livraison gratuite,1
More options from $24.24,Kawaii Sanrio Hello Kitty Sealed Can Cartoon Cute Large Capacity Household Dried Fruits Tea Glass Sealed Jar Kitchen Supplies,1
More options from $24.87,Stainless Steel Powder Sifter Coffee Smelling Good Taste Cup Powder Receiver Sanding Filter Powder Spreader Hand Coffee Appliance,1
More options from $248.97,Verka Pure Desi Ghee Clarified Butter Bulk 1.6 kg/3.5lbs BULK PACK,1
More options from $248.97,Verka Pure Desi Ghee Clarified Butter Bulk 1.6 kg/3.5lbs BULK (6/CASE),1
More options from $248.97,Verka Pure Desi Ghee Clarified Butter Bulk 1.6 kg/3.5lbs BULK,1
More options from $248.97,Verka Pure Desi Ghee Clarified Butter Bulk 1.6 kg/3.5lbs,1
More options from $25.10,Hair Shampoo For Fast Hair Growth Polygonum Multiflorum Black Ganoderma Lucidum Hair Regrowth Shampoo Anti Hair Loss Effective,1
More options from $25.10,Detoxification,1
More options from $25.28,8l,1
More options from $25.41,Boba Cup With Straw Smoothie Drinks Gradient Multicolor 23.5oz Double Layer With Cleaning Brush,1
More options from $25.53,Kitchen multi-function seasoning rack household countertop double-layer oil salt soy sauce vinegar storage rack stove storage seasoning jar rack.,1
More options from $25.57,For Casadio,1
More options from $25.60,g?teau bonbons 1 pi¨¨ce Livraison gratuite jusqu'¨¤ 5 $cette semaine,1
More options from $25.60,Qiopertar ?conomisez Moule en forme de p¨¨re No?l bricolage chocolat Cupcake g?teau muffin cuisson Livraison gratuite jusqu'¨¤ 5 $cette semaine,1
More options from $25.62,Lubelski Coffee Capsule Refillable Crema Maker Tools Plastic Removable Espresso Machine Filter for Home for Bosch-s Tassimoo,1
More options from $25.67,Disney girls minnie mouse winter beanie & glove set,1
More options from $25.67,Disney Classics Thumper US Exclusive Pop! Vinyl,1
More options from $25.86,For Casadio,1
More options from $25.91,Vega - Sport - Plant-Based Hydrator | Multiple Flavours,1
More options from $25.94,For Casadio,1
More options from $25.97,For Sensitive Teeth Pen,1
More options from $25.97,Anti Uv Nail Gloves Uv Gel Shield Glove Fingerless Manicure Nail Art Tools Led Lamp Nails Dryer Radiation Hand,1
More options from $25.97,6pcs Hair Brush Eco-friendly Natural Bamboo Narrow-tooth Comb Pointed Tail Detangling Brush Set For Home,1
More options from $25.99,Kids Play animal,1
More options from $25.99,Kids,1
More options from $26.08,Ideal f¨¹r Gym Fitness B¨¹ro Heim,1
More options from $26.43,Convenient To Use,1
More options from $26.45,4 Styles Practical Coffee Capsule Dispensing Tower Stand For 40/60 Nespresso Capsules Storage Pod Holder Coffee Tamper Capsulas,1
More options from $26.68,Spice storage box food grade compartment box household kitchen Sichuan pepper star anise seasoning storage box seasoning sealed box.,1
More options from $26.73,crgrtght Prime Day Deals Popsicle Holders Bags Reusable Washable Ice Popsicle Holders 10pc,1
More options from $26.86,Xingzhi Filter Mesh Coffee Basket Powder Strainer Long Handle Stainless Steel Rustproof Multipurpose Handily Gripped Filtering Net Type 7,1
More options from $26.86,VONKY Filter Mesh Coffee Basket Powder Strainer Long Handle Stainless Steel Rustproof Multipurpose Handily Gripped Filtering Net Type 7,1
More options from $26.86,VONKY Filter Mesh Coffee Basket Powder Strainer Long Handle Stainless Steel Rustproof Multipurpose Handily Gripped Filtering Net Type 6,1
More options from $26.86,VONKY Filter Mesh Coffee Basket Powder Strainer Long Handle Stainless Steel Rustproof Multipurpose Handily Gripped Filtering Net Type 4,1
More options from $26.86,VONKY Filter Mesh Coffee Basket Powder Strainer Long Handle Stainless Steel Rustproof Multipurpose Handily Gripped Filtering Net Type 3,1
More options from $26.86,VONKY Filter Mesh Coffee Basket Powder Strainer Long Handle Stainless Steel Rustproof Multipurpose Handily Gripped Filtering Net Type 1,1
More options from $26.86,Ruiboury Filter Mesh Coffee Basket Powder Strainer Long Handle Stainless Steel Rustproof Multipurpose Handily Gripped Filtering Net Type 7,1
More options from $26.86,Ruiboury Filter Mesh Coffee Basket Powder Strainer Long Handle Stainless Steel Rustproof Multipurpose Handily Gripped Filtering Net Type 6,1
More options from $26.86,Ruiboury Filter Mesh Coffee Basket Powder Strainer Long Handle Stainless Steel Rustproof Multipurpose Handily Gripped Filtering Net Type 4,1
More options from $26.86,Filter Mesh Coffee Basket Powder Strainer Long Handle Stainless Machine Accessories Convenience Smooth Steel Rustproof Multipurpose Handily Gripped Filtering Net Type 4,1
More options from $26.86,Filter Mesh Coffee Basket Powder Strainer Long Handle Stainless Long Steel Rustproof Multipurpose Handily Gripped Filtering Net Type 1,1
More options from $26.86,Filter Mesh Coffee Basket Powder Strainer Long Handle Craftsmanship Multipurpose Stainless Steel Rustproof Multipurpose Handily Gripped Filtering Net Type 2,1
More options from $26.86,Filter Mesh Coffee Basket Powder Strainer Long Convenience Smooth Surface Handle Stainless Steel Rustproof Multipurpose Handily Gripped Filtering Net Type 1,1
More options from $26.86,Filter Mesh Coffee Basket Powder Strainer Basket Long Handle Stainless Steel Rustproof Multipurpose Handily Gripped Filtering Net Type 2,1
More options from $26.86,Filter Mesh Coffee Basket Powder Multipurpose Powder Strainer Long Handle Stainless Steel Rustproof Multipurpose Handily Gripped Filtering Net Type 6,1
More options from $26.86,Filter Mesh Coffee Basket Powder Machine Accessories Convenience Strainer Long Handle Stainless Steel Rustproof Multipurpose Handily Gripped Filtering Net Type 7,1
More options from $26.86,Baohd Filter Mesh Coffee Basket Powder Strainer Long Handle Stainless Steel Rustproof Multipurpose Handily Gripped Filtering Net Type 7,1
More options from $26.86,Baohd Filter Mesh Coffee Basket Powder Strainer Long Handle Stainless Steel Rustproof Multipurpose Handily Gripped Filtering Net Type 6,1
More options from $26.86,Baohd Filter Mesh Coffee Basket Powder Strainer Long Handle Stainless Steel Rustproof Multipurpose Handily Gripped Filtering Net Type 4,1
More options from $26.86,Baohd Filter Mesh Coffee Basket Powder Strainer Long Handle Stainless Steel Rustproof Multipurpose Handily Gripped Filtering Net Type 1,1
More options from $26.99,Tote Insert Organizer Drawstring Net Sack Basketball Storage Bag Football Mesh Bag Holder,1
More options from $26.99,Round glasses-translucent silver,1
More options from $26.99,Round glasses-silver,1
More options from $26.99,Round glasses-black frame blue light protection,1
More options from $26.99,Round Glasses-Sand Black Silver,1
More options from $26.99,Portable Jewelry Case Antique Gift Ring Case Sundries Storage Box Vintage Pirate Chest,1
More options from $26.99,4pcs Stainless Steel Aquarium Fish Tank Glass Cover Clip Support Holder 10mm,1
More options from $26.99,15 Pcs Plastic Container Reusable Meal Prep Container Disposable Lunch Boxes Meal Prep Trays Disposable Bento Box,1
More options from $27.29,Qiopertar Clearance Free Shipping Candy Box Nut Snack Organizer Melon Dried Fruit Tray With Lid Compartment Double Storage Box Nut And Dried Fruit Organizer Snack Tray For Kitchen And Parties,1
More options from $27.54,Convenient To Use,1
More options from $27.60,Convenient To Use,1
More options from $27.63,Coffee Gounds Box Stainless Steel Box Built-In Container For Coffee,1
More options from $27.63,AMERTEER Coffee Gounds Box Stainless Steel Box Built-In Container For Coffee,1
More options from $27.66,Convenient To Use,1
More options from $27.86,Qiopertar ?conomisez Grille de barbecue ronde en acier inoxydable avec barbecue ¨¦pais et grille 304 grill Mesh Livraison gratuite jusqu'¨¤ 5 $cette semaine Livraison gratuite,1
More options from $27.90,Giunmcul Woven Dried FruitSnack StorageBasket Tax Free Weekend,1
More options from $27.92,Convenient To Use,1
More options from $27.99,Vinyl Figure: Harry Potter - Voldemort,1
More options from $27.99,Pop Vinylfigur: Harry Potter: Mad-Eye Moody,1
More options from $27.99,Pop Vinyl Harry Potter S1,1
More options from $27.99,Convenient To Use,1
More options from $27.99,Bun,1
More options from $272.90,Qiopertar Clearance Free Shipping Candy Box Nut Snack Organizer Melon Dried Fruit Tray With Lid Compartment Double Storage Box Nut And Dried Fruit Organizer Snack Tray For Kitchen And Parties,1
More options from $28,pimelu 100pcs Empty Teabags String Heat Filter Paper Herb Loose Tea Bag Flash Deal Up to 45% off,1
More options from $28.01,Faux Fur Solid Jacket Fluffy Teddy Bear Fleece Zipper Pockets Long Sleeve Casual Street Wear,1
More options from $28.01,Convenient To Use,1
More options from $28.34,Convenient To Use,1
More options from $28.48,Convenient To Use,1
More options from $28.50,Vegetable Cutter Vegetable Cutter Slicer Multifunctional Round Potato Cheese Slicer Kitchen Supplies (green)(1pcs),1
More options from $28.60,Men's Anti Slip Football Socks Athletic Socks for basketball Soccer Volleyball Running Trekking Hiking,1
More options from $28.68,serony 24 Pockets Santa Claus Christmas Advent Calendar Wall Hanging Ornament Snacks Biscuits Home Bedroom Living Room Decoration Red,1
More options from $28.69,tredstone 24 Pockets Santa Claus Christmas Advent Calendar Wall Hanging Ornament Snacks Biscuits Home Bedroom Living Room Decoration Red,1
More options from $28.70,kurtrusly 24 Pockets Santa Claus Christmas Advent Calendar Wall Hanging Ornament Snacks Biscuits Home Bedroom Living Room Decoration Red,1
More options from $28.71,destyer 24 Pockets Santa Claus Christmas Advent Calendar Wall Hanging Ornament Snacks Biscuits Home Bedroom Living Room Decoration Red,1
More options from $28.71,Colon Cleansing Detox Tea Set Slimming Tea Slimming Herbal Tea Fat Burning 28 Days Tea Kr,1
More options from $28.71,16a Wifi Zigbee Smart Switch Relay Module Timer Tuya Smart Life App For Alexa~,1
More options from $28.85,Ice Cream Parlor Silicone Cone and Pop Shaped Cupcake Mold 2-Pack,1
More options from $28.85,Ice Cream Parlor Silicone Cone and Pop Shaped Cupcake Mold,1
More options from $28.85,Ice Cream Parlor 10-piece Cookie Cutter Assortment,1
More options from $28.85,Donut Shoppe Silicone Donut Shaped Cupcake Mold 2-Pack,1
More options from $28.85,Donut Shoppe Silicone Donut Shaped Cupcake Mold,1
More options from $28.85,Donut Shoppe 7-piece Shaped Real Cake Baking Set with Recipes for Kids,1
More options from $28.85,Donut Shoppe 2-piece Cone and Sundae Cookie Cutter Set,1
More options from $29.13,pitrice 24 Pockets Santa Claus Christmas Advent Calendar Wall Hanging Ornament Snacks Biscuits Home Bedroom Living Room Decoration Red,1
More options from $29.35,Baohd Filter Mesh Coffee Basket Powder Strainer Long Handle Stainless Steel Rustproof Multipurpose Handily Gripped Filtering Net Type 7,1
More options from $29.35,Baohd Filter Mesh Coffee Basket Powder Strainer Long Handle Stainless Steel Rustproof Multipurpose Handily Gripped Filtering Net Type 4,1
More options from $29.35,Baohd Filter Mesh Coffee Basket Powder Strainer Long Handle Stainless Steel Rustproof Multipurpose Handily Gripped Filtering Net Type 1,1
More options from $29.40,For Casadio,1
More options from $29.54,2024 Christmas Advent Calendar for KidsChristmas Ornaments DIY Creative Pendant Xmas Party Decor Calendar Kit 24PCS Surprise Countdown Calendar With Christmas Tags,1
More options from $29.68,Enqiretly Easy To Clean Doughs Pressing Tool For Homemade Tortillas Heat-resistant Tortillas To Corn Tortillas balck 16cm,1
More options from $29.98,Finest Call Premium Mint Syrup Bulk Food Service 1 Liter,1
More options from $29.99,Finest Call Premium Mint Syrup Bulk Food Service 1 Liter,1
More options from $3.09,Tea Accessories Up to 50% Off ! Aqestyerly Silica Gel Tea Bag Tea Filter Silica Gel Tea Filter,1
More options from $3.09,Tea Accessories Reduced Price ! Aqestyerly Silica Gel Tea Bag Tea Filter Silica Gel Tea Filter,1
More options from $3.09,Tea Accessories Flash Deals! Aqestyerly Silica Gel Tea Bag Tea Filter Silica Gel Tea Filter,1
More options from $3.18,Easter Lovely Rabbit Tea Bag Hanging Fixed Tea Bag Fixed Tea Bag Tea Cup Wall Decoration Rabbit Differentiator,1
More options from $3.27,Extreme shine & protection,1
More options from $3.27,50pcs Empty Teabags String Heat Filter Paper Herb Loose Tea Bag,1
More options from $3.27,3 L?cher Ketchup Quetschflasche Kunststoff Senf Mayo Flasche Saucen K¨¹che,1
More options from $3.47,708g,1
More options from $3.49,Fufafayo Flash Deals of the Day Printed Kitchen Oil Barrier High Temperature Aluminum Foil Oil Baffle Clearance Saving Up To 65% Off,1
More options from $3.60,Fufafayo Clearing d¨¦coration de maison Filtre ¨¤ caf¨¦ filtre pliable en acier inoxydable pour toute tasse moins de 5 $?conomisez jusqu'¨¤ 90% Clearing livraison gratuite,1
More options from $3.76,Fufafayo Ustensiles de cuisine bouteille d'assaisonnement bouteille de sauce tomate bouteille de sauce salade bouteille de brosse ¨¤ huile bouteille de sauce soja bouteille d'huile,1
More options from $3.77,Xihbxyly up to 60% off Gifts Coffee Cup Filter Screen Double-layer Portable Hand Brewed Coffee Folding Ear Filter Drip Coffee Coffee Cup,1
More options from $3.81,Birdeem Silica Gel Tea Bag Tea Filter Silica Gel Tea Filter,1
More options from $3.82,A+ SuperFruit - A+ SuperFruit Drinks | Multiple Flavours,1
More options from $3.85,Wooden Coaster Cups Placemat Black Walnut Wood Coaster Square 8.8*8.8cm,1
More options from $3.99,sucre,1
More options from $3.99,robot de farine,1
More options from $3.99,crgrtght Today Deals Prime 50pcs Empty Teabags String Heat Filter Paper Herb Loose Tea Bag,1
More options from $3.99,crgrtght Thanksgiving sucre d'¨¦rable chocolat DIY Chocolate Baking,1
More options from $3.99,crgrtght Online Shopping 100 Pcs Empty Teabags String Heat Filter Paper Herb Loose Tea Bag,1
More options from $3.99,crgrtght 50 sachets de th¨¦ vides Brochettes de papier filtre thermique Grass Pine Tea Pack,1
More options from $3.99,Viflosae Clearance Paper Carrier Bags With Flat Handles Pack Of 100 Brown 15 X X 8 Cm WOW finds,1
More options from $3.99,Up to 60% off Gifts Viflosae Sunglasses Storage Box Wall Glasses Box Storage Box Stick On Floating Shelf Wall Hanging No Drilling Hottest Deals,1
More options from $3.99,Stainless steel Yilush,1
More options from $3.99,Smart Wall Heater Electric Space Heater For Bedroom 1500W Remote Control Wall Mount Heater For Indoor Space Heater Fast Heating And Machine Towel Dry Rwvbm,1
More options from $3.99,Savings,1
More options from $3.99,Roasting Clearance Saving Up To 65% Off,1
More options from $3.99,Qiopertar Flash Deals of the Day Portable Snack Platter Compartmentalized Storage Snack Candy Box up to 65% off Gifts Clearance,1
More options from $3.99,Qiopertar Big holiday Savings! 100pcs Empty Teabags String Heat Filter Paper Herb Loose Tea Bag Clearance Saving Up To 65% Off,1
More options from $3.99,Mice Steal Cheese Kitchen Dining Room Home Landscaping Rwvbm,1
More options from $3.99,Household ice cream DIY mixed color conjoined popsicle with lid Rwvbm,1
More options from $3.99,Fufafayo Deals of The Day Rose Flower Ice Cocktail Mix Ice Rose Flower 4 With Ice Tray,1
More options from $3.99,Flash Deals,1
More options from $3.99,Double Layer Candy And Dried Fruit Rotating Design Dessert,1
More options from $3.99,Cream Portion Funnel Handheld Butter Frosting Dispenser Cake Baking Tool Rwvbm,1
More options from $3.99,Cloth For Car Scratches Advanced Car Scratch Remover Easily Repair Scratches Swirls Paint Residues Water Spots And Rwvbm,1
More options from $3.99,Clearance! Easter Lovely Rabbit Tea Bag Hanging Fixed Tea Bag Fixed Tea Bag Tea Cup Wall Decoration Rabbit Differentiator Daily Deals of The Day Two Day Deals #02,1
More options from $3.99,Clearance! Easter Lovely Rabbit Tea Bag Hanging Fixed Tea Bag Fixed Tea Bag Tea Cup Wall Decoration Rabbit Differentiator Clearance Sales Today¡¯S Deals #04,1
More options from $30.22,CAROOTU Bone Track Foraging Tray PP Smooth Track Anti-choking Non-slip Hiddens Food Space Design Slow Food Dog Bowl Toy New,1
More options from $30.22,CAROOTU Bone Track Foraging Tray PP Smooth Track Anti-choking Non-slip Hiddens,1
More options from $30.32,les champignons et les,1
More options from $30.45,Fufafayo Shaker de prot¨¦ine ¨¦lectrique Shaker ¨¦lectrique avec bo?te ¨¤ poudre tasse de m¨¦lange enti¨¨rement automatique moins de 5 $?conomisez jusqu'¨¤ 90% Clearing livraison gratuite,1
More options from $30.80,Ideal f¨¹r Gym Fitness B¨¹ro Heim,1
More options from $30.86,VONKY Filter Mesh Coffee Basket Powder Strainer Long Handle Stainless Steel Rustproof Multipurpose Handily Gripped Filtering Net Type 3,1
More options from $30.86,Ruiboury Filter Mesh Coffee Basket Powder Strainer Long Handle Stainless Steel Rustproof Multipurpose Handily Gripped Filtering Net Type 4,1
More options from $30.99,Cute Cookie Bag 200pcs Cartoon Cute Candy Cookie Bag 4x4 inch Self Adhesive Treat Bags Cellophane Goody Bags for Kid Party Favor Candy Bags,1
More options from $31.29,keepw Filter Mesh Coffee Basket Powder Strainer Long Handle Stainless Steel Rustproof Multipurpose Handily Gripped Filtering Net Type 7,1
More options from $31.29,keepw Filter Mesh Coffee Basket Powder Strainer Long Handle Stainless Steel Rustproof Multipurpose Handily Gripped Filtering Net Type 5,1
More options from $31.29,keepw Filter Mesh Coffee Basket Powder Strainer Long Handle Stainless Steel Rustproof Multipurpose Handily Gripped Filtering Net Type 1,1
More options from $31.39,Colon Cleansing Detox Tea Set Slimming Tea Slimming Herbal Tea Fat Burning 28 Days Tea Kr,1
More options from $31.44,crgrtght Open Box Deals Clearance 304 Three-layer Steel Thickened Hot Oil Small Pot Stainless Steel Deepened Min Splashing Oil Burning Oil Household Small Oil Pot,1
More options from $31.46,National Lampoon¡¯s Christmas Vacation Advent Calendar 2024 New -DIY Creative Pendant- Advent Calendar National Lampoon 24 Christmas Ornaments DIY Creative - National Lampoon Advent Calendar (24 Day),1
More options from $31.63,H,1
More options from $31.63,F,1
More options from $31.63,D,1
More options from $31.63,C,1
More options from $31.63,B,1
More options from $31.88,Christmas Countdown Advent Calendar Ornaments - 24Pcs Resin Xmas Miniatures-Advent Calendar National Lampoon 24 Gifts - National Lampoon Advent Calendar (24 Day),1
More options from $31.89,Convenient To Use,1
More options from $32.10,Reusable Silicone Baking Cups Nonstick,1
More options from $32.10,Dining Table/home Decoration,1
More options from $32.31,Five Flavors Of Goji Berry Tea Four Famous Bubbles Wolfberry Schisandra Dodder,1
More options from $32.44,Silk Sleep Mask Eye Mask Blindfold With Double Layer Silk Filling-i,1
More options from $32.64,wolftale Durable Pastry Molds Maker For Rust-Resistant Crepes Heat-resistant Tortillas To Corn Tortillas balck 20cm,1
More options from $32.64,wolftale Durable Pastry Molds Maker For Rust-Resistant Crepes Heat-resistant Tortillas To Corn Tortillas balck 16cm,1
More options from $32.64,Ruiboury Press Tortillas And Crepes Easily With Durable Doughs Pressing Tool Tortillas To Corn Tortillas balck 20cm,1
More options from $32.79,Filter Basket Included,1
More options from $32.98,Torani Coconut Flavoring Syrup Plastic 750ml Bonus Squeeze Pump,1
More options from $32.99,Vinyl Figure: Harry Potter - Voldemort,1
More options from $32.99,Torani Coconut Flavoring Syrup Plastic 750ml Bonus Squeeze Pump,1
More options from $32.99,Rice Box - Moisture- Sealed For Flour Bread Storage Gray 5kg,1
More options from $32.99,Rice Box - For Grain Dog Food Rice Cereal Bread Storage Black 5kg,1
More options from $32.99,Pop! Vinyl: Harry Potter S5: Hedwig,1
More options from $32.99,Pop Vinylfigur: Harry Potter: Mad-Eye Moody,1
More options from $32.99,Bun,1
More options from $33.16,Simulation biscuit cream cake model Strawberry Oreo fruit round cake dessert decoration shooting props,1
More options from $33.64,Fiery Mackerel in Spicy Vegetable Oil - 12 x 120g | 4.2oz (12-Pack) - Deliciously Preserved Portuguese Delight - Convenient Canned Seafood - Product of Portugal,1
More options from $33.64,Delicious Sardines in Vegetable Oil - 12 x 120g | 4.2oz (12-Pack) - Tender and Flavorful Canned Fish - Preserved for Freshness - Product of Portugal,1
More options from $33.82,Filter Basket Included,1
More options from $33.99,Silver,1
More options from $33.99,Rice Box Insect-Proof For Grain Dog Food Rice Cereal Bread Storage Gray 10kg,1
More options from $33.99,Rice Box - Moisture- Sealed For Flour Bread Storage Gray 5kg,1
More options from $33.99,Rice Box - For Grain Dog Food Rice Cereal Bread Storage Black 5kg,1
More options from $33.99,Kitchen Cylinder Sealed For Dog Food Storage Gray 5kg,1
More options from $33.99,Coffee Bean Jar Coffee Beans Storage Containers for Countertop Retail Pantry 6 Hole 17g,1
More options from $33.99,Coffee Bean Jar Coffee Beans Storage Containers for Countertop Retail Pantry 12 Hole 17g,1
More options from $33.99,Box Sealed For Grain Rice Bread Storage Black 5kg,1
More options from $34.08,Convenient To Use,1
More options from $34.20,A465 Made in USA,1
More options from $34.20,A116 Made in USA,1
More options from $34.35,Tasting Fruit Water Bottle 0 Sugar And 0 Calorie Fragrance- Suction Cup Multiple Rings,1
More options from $34.38,Silver,1
More options from $34.77,pimelu Lunch Box For Office Workers Lunch Box Double-layer Lunch Box Tableware Double-layer Microwave Oven Hot Lunch Box Up to 45% off Clearance Boxing Day,1
More options from $34.77,Food And Fruit Wal&mart Deals Victoria Day,1
More options from $34.77,Food And Fruit Summer Savings Wal&mart Deals,1
More options from $34.77,Food And Fruit Summer Savings Up to 45% off,1
More options from $34.77,Food And Fruit Flash Deal Wal&mart Deals,1
More options from $34.77,Food And Fruit Flash Deal Clearance Labour Day,1
More options from $35,Household Mould Removal Gel For Kitchen Bathroom Wall Tile Stains Sink,1
More options from $35,Fix It Wood Scratch Repair Spray Wood Floor Contact Cleaner Spray Furniture Repair Kit Tw,1
More options from $35,6 Pcs 50ml 47mm X 50mm Small Glass Bottles With Cork Stoppers Little Storage Jars For Spices Wedding Favours,1
More options from $35,2pcs Wooden Ducks Statue Wood Mandarin Duck Statue Chinese Mandar,1
More options from $35,2pcs 2m Colorful Rhythmic Gymnastics Ribbon Dancing Gymnastics Ribbon Dancing Streamers For Kids Children (blue),1
More options from $35.03,Christmas Tree with 33pcs Detachable Xmas Ornaments Kit Window Door Wall Hanging Decorations Holiday New Year Party Gifts for Toddlers,1
More options from $35.31,High borosilicate seasoning box glass barbecue seasoning jar seasoning bottle household salt jar powder bottle kitchen seasoning bottle jar,1
More options from $36.58,Real-life Matcha & Taro Bubble Tea Cup Shaped Stuffed Soft Back Cushion,1
More options from $36.61,Osmanthus Mooncake Mold New Style Pressing Ice Skin Hand Pressing Household Mung Bean Cake Flow Heart Mid-Autumn Chinese Style Blossoms,1
More options from $36.99,Wine,1
More options from $36.99,Electric Foot File Vacuum Callus Remover Pedicure Tools Dead Skin Callus Remover Foot Files Usb Rechargeable Foot Skin Care Tool,1
More options from $36.99,Christmas Handle Christmas Refrigerator Cover Christmas Dishwasher Handle Cover Christmas Microwave Handle Cover Covers Refrigerator Doorred2 Pcs,1
More options from $36.99,Christmas Decorations Glitter Head Geometric Figure Sugar Pie Game Headband Interesting Boppers Hair Hoop,1
More options from $37.37,Giunmcul Electric Lint Remover for Clothes Furniture Sofa Blanket Bedding Lint Shaver Sweater Shaver Defuzzer Depiller with 3 Speed 6 Leaf Blades Festival Gift,1
More options from $37.96,Filter Mesh Coffee Basket Powder Strainer Long Handle Stainless Steel Rustproof Multipurpose Handily Gripped Filtering Net Type 1,1
More options from $37.99,Machine Washable Cove Durable Easy Care Polyester Living Room Dark Gray,1
More options from $37.99,Coffee Bean Jar Coffee Beans Storage Containers for Countertop Retail Pantry 6 Hole 17g,1
More options from $37.99,58mm Bottomless H,1
More options from $38.12,Stainless Steel Sharp Tip Sewing Snips Thread Cutter Safety Scissors With Sheath Chain (silver),1
More options from $38.77,Pfm350v,1
More options from $38.77,No Vacuum Pump Required,1
More options from $38.77,Hanging Lights For Garden Living Room Solar Lantern With Handle Led Atmosphere,1
More options from $38.77,Genuine Bone Folder 2pcs Leather Tools Scoring Folding Creasing Origami,1
More options from $38.77,40pcs,1
More options from $39.20,7 Flavors Air Up Water Bottle Flavour Pods With Air Water Bottle Bottle 0 Sugar And 0 Calories Junmai Ir,1
More options from $39.82,fastboy Wear Resistance Electric Pepper Mill For Long-lasting Performance Made Of Biodegradable pink,1
More options from $394.99,Mytrix 128GB MicroSD Card and Accessories NS Game Disc Bundle Best Holiday Gift,1
More options from $399.99,Mytrix 128GB MicroSD Card and Accessories NS Game Disc Bundle Best Holiday Gift,2
More options from $4.09,Qiopertar Les lacunes Porte - cl¨¦s f¨ºte des p¨¨res a porte - cl¨¦s en acier inoxydable pour p¨¨re 30mm Offres pour moins de 5 $cette semaine ?conomisez jusqu'¨¤ 90%,1
More options from $4.19,Clearance! Popsicle Holders Bags Reusable Washable Ice Popsicle Holders 10Pc,1
More options from $4.35,Powder Spreading Bot,1
More options from $4.38,onlyliua Holiday Deals Christmas Earrings Ear Cute Christmas Jewelry For Women New Year Gifts Holiday Gift Finder,1
More options from $4.48,Qiopertar Clearance Home Decor Fruit Tray Clear Snack Display Tray Candy Snack Tray Nut And Dried Fruit Storage Box Snack Tray For Kitchen And Party Food And Pantry Organization,1
More options from $4.55,Bgsha Stainless Steel Moka Pressed Powder Decrement for Espresso Coffee 4 Cup 6 Cups,1
More options from $4.59,Ladies Coin Purse With Zipper and Kiss Lock,1
More options from $4.60,C One Size,1
More options from $4.64,51/54/58mm Coffee Blind Filter Basket Stainless Steel Non Pressurized Filter Cup,1
More options from $4.71,Powder Spreading Bot,1
More options from $4.77,900g-2kg,1
More options from $4.79,White One Size,1
More options from $4.79,Light Blue One Size,1
More options from $4.79,Black One Size,1
More options from $4.89,Yellow One Size,1
More options from $4.89,Red One Size,1
More options from $4.89,Green One Size,1
More options from $4.91,E One Size,1
More options from $4.91,B One Size,1
More options from $4.91,A One Size,1
More options from $4.91,2pcs Professional Coffee Press Replacement Filter For Coffee House 6 Servings,1
More options from $4.92,Gray One Size,1
More options from $4.92,Brown One Size,1
More options from $4.92,A One Size,1
More options from $4.92,6 Servings,1
More options from $4.95,YXRRVING 8PCS 70g Cake Edible Powder Food Color Cake Fudge Baking Pigment Tool Accessor Powder Cake Flavor Fruit C4X3,1
More options from $4.95,YXRRVING 8PCS 70g Cake Edible Powder Food Color Cake Fudge Baking Pigment Tool Accessor Powder Cake Flavor Fruit A2D6,1
More options from $4.95,2pcs Professional Coffee Press Replacement Filter For Coffee House 6 Servings,1
More options from $4.97,E-MAISON ORPHEE MO SES-TAM DRESSING,1
More options from $4.97,Acrylic #4 Medium Yarn,1
More options from $4.99,ensemble d'ustensiles de cuisine,1
More options from $4.99,crgrtght Today Deals Prime Graduation Theme Chocolate Fondant Cake Graduation Cap Decoration Decoration Baking Glue,1
More options from $4.99,Travel Mirror Bath Room Home Shower Makeup Tool Rwvbm,1
More options from $4.99,Nutless Clusters 24g/28 Raspberry,1
More options from $4.99,Nutless Clusters 24g/28 Original,1
More options from $4.99,Nutless Clusters 24g/28 Chocolate,1
More options from $4.99,Nutless Clusters 160g/12 Raspberry,1
More options from $4.99,Nutless Clusters 160g/12 Original,1
More options from $4.99,Nutless Clusters 160g/12 Chocolate,1
More options from $4.99,Fufafayo Des ¨¦conomies! Bac ¨¤ snacks portatif compartiment de stockage snacks Candy box,1
More options from $4.99,Clearance! Coffee Cup Filter Screen Double-layer Portable Hand Brewed Coffee Folding Ear Filter Drip Coffee Coffee Cup Flash Deals of The Day Deal ofthe Day #09,1
More options from $4.99,Clearance! Coffee Cup Filter Screen Double-layer Portable Hand Brewed Coffee Folding Ear Filter Drip Coffee Coffee Cup Calf Stretch Box Today¡¯S Deal #17,1
More options from $4.99,Candy Box Nut Snack Organizer Melon Dried Fruit Tray With Lid Compartment Double Storage Box Nut And Dried Fruit Organizer Snack Tray For Kitchen And Parties Rwvbm,1
More options from $4.99,100 Pcs Empty Teabags String Heat Filter Paper Herb Loose Tea Bag,1
More options from $40.92,Appeti,1
More options from $41.04,Assorted Colors,1
More options from $41.13,Cute Styling Clearance Summer Savings,1
More options from $42.07,MesaSe Filter Mesh Coffee Basket Powder Strainer Long Handle Stainless Steel Rustproof Multipurpose Handily Gripped Filtering Net Type 1,1
More options from $42.07,Filter Mesh Coffee Basket Powder Strainer Long Handle Stainless Steel Rustproof Multipurpose Handily Gripped Filtering Net Type 1,1
More options from $42.07,CNKOO Filter Mesh Coffee Basket Powder Strainer Long Handle Stainless Steel Rustproof Multipurpose Handily Gripped Filtering Net Type 1,1
More options from $42.60,Christmas Decorations Glitter Head Geometric Figure Sugar Pie Game Headband Interesting Boppers Hair Hoop,1
More options from $43.99,Sports Water Cup Suitable for Gym and Outdoor Sports (Purple+Cup brush),1
More options from $43.99,Sports Water Cup Suitable for Gym and Outdoor Sports (Purple),1
More options from $43.99,Sports Water Cup Suitable for Gym and Outdoor Sports (Pink+Cup brush),1
More options from $43.99,Sports Water Cup Suitable for Gym and Outdoor Sports (Pink),1
More options from $43.99,Sports Water Cup Suitable for Gym and Outdoor Sports (Blue),1
More options from $43.99,Sports Water Cup Suitable for Gym and Outdoor Sports (Black),1
More options from $43.99,Red F,1
More options from $43.99,Red C,1
More options from $43.99,Red B,1
More options from $43.99,Black Red F,1
More options from $44.34,Una bolsa de peluches pud¨ªn juguetes bolas de galletas animaci¨®n japonesa Sumikko Gurashi Sakura conejito frutas aguacate pl¨¢tano caramelo bolsa de regalo,1
More options from $44.73,Dianli up to 60% off Fruit Tray Clear Snack Display Tray Candy Snack Tray Nut and Dried Fruit Storage Box Snack Tray for Kitchen and Party Food and Pantry Organization to p School picks on Rollback,1
More options from $44.73,Dianli up to 60% off Fruit Tray Clear Snack Display Tray Candy Snack Tray Nut and Dried Fruit Storage Box Snack Tray for Kitchen and Party Food and Pantry Organization Deals Centre,1
More options from $44.99,2024 Sports Water Cup with Straw Fruit Fragrance pods Scented 0 Sugar Drinking Water Bottle Blue-Purple Gradient,2
More options from $46.94,g?teaux Livraison gratuite jusqu'¨¤ 5 $cette semaine Livraison gratuite,1
More options from $46.94,Qiopertar ?conomisez Chocolat 40 avec petit g?teau au chocolat DIY pot Livraison gratuite jusqu'¨¤ 5 $cette semaine,1
More options from $47.19,The Coffee Grounds Receiver Container Fits 58mm 51-51mm Portable Coffee Filters,1
More options from $48.38,ZZkhGo Up to 45% Off Coffee Gounds Box Stainless Steel Box Built-in Container for Coffee,1
More options from $49.25,Collapsible Shower Threshold Water Dam Water Flood Barrier Water Stopper For Shower,1
More options from $5,Coffee Press Filters Professional For Coffee House 6 Servings,1
More options from $5.02,multi - usage moins de 5 $?conomisez jusqu'¨¤ 90%,1
More options from $5.03,Black One Size,1
More options from $5.05,Workhe 30pcsToothpicksHeartShapeTopCakeFruitDecorationWoodenSticksHomeRestaurantBanquet,1
More options from $5.07,Coffee Press Replacement Filter 2pcs Stainless Steel For Restaurant 4 Servings,1
More options from $5.07,Coffee Press Replacement Filter 2pcs Stainless Steel For Restaurant 2 Servings,1
More options from $5.08,Yellow One Size,1
More options from $5.08,White One Size,1
More options from $5.08,Hot Pink One Size,1
More options from $5.08,Black One Size,1
More options from $5.09,2pcs Coffee Press Filters Stainless Steel For Coffee House 4 Servings,1
More options from $5.12,2pcs Coffee Press Filters Stainless Steel For Coffee House 4 Servings,1
More options from $5.20,51/54/58mm Coffee Blind Filter Basket Stainless Steel Non Pressurized Filter Cup,1
More options from $5.21,NARABB Coffee Cup Filter Screen Double-layer Portable Hand Brewed Coffee Folding Ear Filter Drip Coffee Coffee Cup,1
More options from $5.32,deals of the week DIY 4 Homemade Ice Cream Chocolate Candy With 20 Wooden Sticks,1
More options from $5.32,deals and clearance DIY 4 Homemade Ice Cream Chocolate Candy With 20 Wooden Sticks,1
More options from $5.32,Clearance Sales Today Deals Prime DIY 4 Homemade Ice Cream Chocolate Candy With 20 Wooden Sticks,1
More options from $5.33,onlyliua New Kitchenware Set Kitchenware 7-piece Set Non Stick Pot Shovel Spoon Clip,1
More options from $5.33,onlyliua Clearance Coffee Filter Cup Drip Cup Hand-brewed Coffee Cup Drip Filter Coffee Filter Cup For Hiking Camping Home Office,1
More options from $5.33,Xihbxyly Summer Savings Clearance Coffee Filter Cup Drip Cup Hand-Brewed Coffee Cup Drip Filter Coffee Filter Cup for Hiking Camping Home Office,1
More options from $5.33,Xihbxyly Flash Deals Sale Items Coffee Filter Cup Drip Cup Hand-Brewed Coffee Cup Drip Filter Coffee Filter Cup for Hiking Camping Home Office,1
More options from $5.33,Xihbxyly Flash Deals Of The Day Online Only Coffee Filter Cup Drip Cup Hand-Brewed Coffee Cup Drip Filter Coffee Filter Cup for Hiking Camping Home Office,1
More options from $5.33,Summer Savings onlyliua Coffee Filter Cup Drip Cup Hand-brewed Coffee Cup Drip Filter Coffee Filter Cup For Hiking Camping Home Office,1
More options from $5.33,Savings Clearance Xihbxyly Coffee Filter Cup Drip Cup Hand-brewed Coffee Cup Drip Filter Coffee Filter Cup for Hiking Camping Home Office,1
More options from $5.33,Fufafayo Bouteille distributeur de miel ketchup bouteille de lait maison bouteille d'huile en plastique r¨¦servoir d'huile moins de 5 $?conomisez jusqu'¨¤ 90% Clearing livraison gratuite,1
More options from $5.39,Coffee Press Filters Professional For Coffee House,1
More options from $5.40,2pcs Professional Coffee Press Replacement Filter For Coffee House 6 Servings,1
More options from $5.53,Powder Spreading Bot,1
More options from $5.55,thinsony 100Pcs/Lot Teabags Lightweight Empty Square Cooking Spice Scented Tea Bags with Seal Filter Paper Natural Drawstring Herb Pouch 100pcs 8x10cm,1
More options from $5.55,thinsony 100Pcs/Lot Teabags Lightweight Empty Square Cooking Spice Scented Tea Bags with Seal Filter Paper Natural Drawstring Herb Pouch 100pcs 5x7cm,1
More options from $5.55,2pcs Coffee Press Filters Stainless Steel For Coffee House 6 Servings,1
More options from $5.55,2pcs Coffee Press Filters Stainless Steel For Coffee House 4 Servings,1
More options from $5.55,15x20cm,1
More options from $5.59,White One Size,1
More options from $5.59,Red One Size,1
More options from $5.59,Hot Pink One Size,1
More options from $5.59,Fufafayo Flash Deals of the Day 100pcs Empty Teabags String Heat Filter Paper Herb Loose Tea Bag Clearance Saving Up To 65% Off,1
More options from $5.59,Black One Size,1
More options from $5.65,Yellow One Size,1
More options from $5.65,White One Size,1
More options from $5.65,Type 8,1
More options from $5.65,Hot Pink One Size,1
More options from $5.65,Blue One Size,1
More options from $5.66,2pcs Professional Coffee Press Replacement Filter For Coffee House 6 Servings,1
More options from $5.67,Coffee Press Replacement Filter Even Hole Size 2pcs For Restaurant 4 Servings,1
More options from $5.67,Coffee Press Replacement Filter 2pcs Stainless Steel For Restaurant 4 Servings,1
More options from $5.67,Coffee Press Replacement Filter 2pcs Stainless Steel For Restaurant 2 Servings,1
More options from $5.68,QualitChoice 1/2/3/5 Pack of 100 Twists Ties Wire Festival Party Birthday Cake Gifts Bag Biscuits Cookies Favors Candy Pack Accessories 6cm 5PCS,1
More options from $5.68,QualitChoice 1/2/3/5 Pack of 100 Twists Ties Wire Festival Party Birthday Cake Gifts Bag Biscuits Cookies Favors Candy Pack Accessories 6cm 1 Pc,1
More options from $5.70,58.5mm,1
More options from $5.72,Coffee Press Filters Professional For Coffee House,1
More options from $5.74,Qiopertar Liquidation Cabine t¨¦l¨¦phonique int¨¦rieure pour les personnes ?g¨¦es petite lampe ¨¤ huile H?tel sc¨¨ne arrangement ornement lumineux Offres pour moins de 5 $cette semaine,1
More options from $5.76,Homeholiday 30pcs Heart Shape Cake Toppers Insert Cards with Toothpick Cupcake Decorations - Paper - Light Blue,1
More options from $5.76,Coffee Press Filters Stainless Steel For Restaurant 4 Servings,1
More options from $5.81,LSLJS 304 Three-layer Steel Thickened Hot Oil Small Pot Stainless Steel Deepened Min Splashing Oil Burning Oil Household Small Oil Pot Home Accessories,1
More options from $5.87,Yellow One Size,1
More options from $5.87,PP2 One Size,1
More options from $5.87,Navy One Size,1
More options from $5.89,Navy One Size,1
More options from $5.89,Dvkptbk Kitchen Utensils & Gadgets Coffee Cup Filter Screen Double-layer Portable Hand Brewed Coffee Folding Ear Filter Free Drip Coffee Coffee Cup Kitchen Gadgets on Clearance,1
More options from $5.90,6X Round Leather Coaster Set Leather Coaster PU Premium Insulation Pad,1
More options from $5.93,Slow Cooker Liner Saucepan Divider Slow Cooker Liner Easy Clean Nonstick Pan for Indoor/Outdoor,2
More options from $5.93,Slow Cooker Liner Saucepan Divider Slow Cooker Liner Easy Clean Nonstick Pan for Home,1
More options from $5.93,Slow Cooker Liner Saucepan Divider Slow Cooker Liner Easy Clean Nonstick Pan Deals of the Day,1
More options from $5.95,Coffee Filter Foldable Brewing Stainless Steel Filter Suitable for Any Cup,1
More options from $5.98,Usmixi Flash Deals Wooden Pet Memorial Altar Piecess,1
More options from $5.99,crgrtght 100 sachets de th¨¦ vides Brochettes de papier filtre thermique Grass Pine Tea Pack,1
More options from $5.99,ZZwxWA Tax Free Weekend Coffee Beans Coffee Powder Dry Goods Sealed Container 304 Stainless Steel Sealed Storage Tank,1
More options from $5.99,ZZwxWA Holiday Saving Coffee Beans Coffee Powder Dry Goods Sealed Container 304 Stainless Steel Sealed Storage Tank,1
More options from $5.99,Viflosae Savings DIY Christmas Tree Chocolate Cake Decoration Baking Clearance Items,1
More options from $5.99,Viflosae Large Skull Cake Pan Haunted Baking Cake For Halloween And Birthday Party Back to savings,1
More options from $5.99,Trimmer Carburetor Set Sparking Plug Air Filter Fuel Line Gasket Accessories Weeder Carburetor Kit for STIHL FS120,1
More options from $5.99,Seasoning Bottle Box Jar Condiment Storage Container Rack Herb Spice Jar(set Of 6 Pcs) for Indoor/Outdoor,1
More options from $5.99,Fufafayo Deals of The Day Coffee Filter Cup Drip Cup Hand-brewed Coffee Cup Drip Filter Coffee Filter Cup For Hiking Camping Home Office,1
More options from $5.99,5PCS Double Ring Presser Foot Stainless Steel Presser Foot Ring Sewing Presser Foot for Industrial Universal Sewing Machine,1
More options from $5.99,100 Pcs Empty Teabags String Heat Filter Paper Herb Loose Tea Bag,1
More options from $5.99,10 Artificial Flowers Two headed Ranunculus Flowers Photography Props Decoration Home Living Room Decoration,1
More options from $50.99,GFDYREE 4pcs Candy Plate Decor Fruit Storage Holder Nuts Storage Case Bathroom Nuts Container Food Delicate,1
More options from $50.99,GFDYREE 3pcs Candy Plate Food Tray Decor Clear Tray Snack Container Sweet Candy Case Desktop Box Dried Fruit,1
More options from $54.30,Suitable For Sweeping Robot Accessories 5090 4090 Main Brush Carpet Brush Side Brush Rag Filter Uni,1
More options from $54.30,New Wireless Lavalier Microphone Microphone For Android Mobile Live Recording Interview Microphone,1
More options from $6.01,Type 8,1
More options from $6.04,D One Size,1
More options from $6.04,Blue One Size,1
More options from $6.04,B One Size,1
More options from $6.04,A One Size,1
More options from $6.04,2pcs Coffee Press Filters Stainless Steel For Coffee House 6 Servings,1
More options from $6.04,2pcs Coffee Press Filters Stainless Steel For Coffee House 4 Servings,1
More options from $6.08,Fondant Mold Cake Decor Scissor Hammer ladder Fondant Mould Baking Pan Home Bakery Baking Tool,1
More options from $6.08,Bread lame Slashing Tool Home Kitchen Bakery Bread Scraper Slicer Dough Scoring Tool Carbon Steel,1
More options from $6.09,onlyliua up to 60% off Gifts Garden Resin Decoration Outdoor Roll Paper Small Decoration Statue Garden Decora Paper Towel Decoration Deals,1
More options from $6.10,Whitel,1
More options from $6.15,FloreceBien 4Pcs Rectangle Sofa Height Pad Black Matte PP Plastic Furniture Accessories 2in,1
More options from $6.18,Thinsony Seal Well Salad Dressing Cups For Leak-proof Transport Of Sauces And Dressings Wide Application purple lid 1Set,1
More options from $6.18,Thinsony Seal Well Salad Dressing Cups For Leak-proof Transport Of Sauces And Dressings Wide Application light green lid 2Set,1
More options from $6.18,Thinsony Seal Well Salad Dressing Cups For Leak-proof Transport Of Sauces And Dressings Wide Application Yellow lid 2Set,1
More options from $6.18,Thinsony Seal Well Salad Dressing Cups For Leak-proof Transport Of Sauces And Dressings Wide Application Blue lid 2Set,1
More options from $6.21,Green One Size,1
More options from $6.21,Beige One Size,1
More options from $6.21,B One Size,1
More options from $6.23,Purple One Size,1
More options from $6.23,Navy One Size,1
More options from $6.23,Light Blue One Size,1
More options from $6.23,Hot Pink One Size,1
More options from $6.23,Dark Blue One Size,1
More options from $6.23,Coffee One Size,1
More options from $6.25,tssuouriy 1/2/3/5 10 Pieces Insect Cake Decoration Happy Birthday Party Decor Simulation Crafts Sign Dessert Cakes Pastry Baking Type 5 1 Pc,1
More options from $6.25,tssuouriy 1/2/3/5 10 Pieces Insect Cake Decoration Happy Birthday Party Decor Simulation Crafts Sign Dessert Cakes Pastry Baking Type 4 5PCS,1
More options from $6.25,tssuouriy 1/2/3/5 10 Pieces Insect Cake Decoration Happy Birthday Party Decor Simulation Crafts Sign Dessert Cakes Pastry Baking Type 4 1 Pc,1
More options from $6.25,tssuouriy 1/2/3/5 10 Pieces Insect Cake Decoration Happy Birthday Party Decor Simulation Crafts Sign Dessert Cakes Pastry Baking Type 2 2PCS,1
More options from $6.25,relayinert 10 Pieces Stamping Insect Cake Decoration Decor Supplies Butterflies Girl Party Baking Dessert Shower Decors Shape Type 5 5Set,1
More options from $6.25,fastboy 10 Pieces Insect Cake Decoration Happy Birthday Sign Decor Party Crafts Baking Simulation Pastry Cakes Dessert Type 6 5Set,1
More options from $6.25,fastboy 10 Pieces Insect Cake Decoration Happy Birthday Sign Decor Party Crafts Baking Simulation Pastry Cakes Dessert Type 6 2Set,1
More options from $6.25,fastboy 10 Pieces Insect Cake Decoration Happy Birthday Sign Decor Party Crafts Baking Simulation Pastry Cakes Dessert Type 4 2Set,1
More options from $6.25,fastboy 10 Pieces Insect Cake Decoration Happy Birthday Sign Decor Party Crafts Baking Simulation Pastry Cakes Dessert Type 2 2Set,1
More options from $6.25,fastboy 10 Pieces Insect Cake Decoration Happy Birthday Sign Decor Party Crafts Baking Simulation Pastry Cakes Dessert Type 1 5Set,1
More options from $6.25,fastboy 10 Pieces Insect Cake Decoration Happy Birthday Sign Decor Party Crafts Baking Simulation Pastry Cakes Dessert Type 1 3Set,1
More options from $6.25,fastboy 10 Pieces Insect Cake Decoration Happy Birthday Sign Decor Party Crafts Baking Simulation Pastry Cakes Dessert Type 1 2Set,1
More options from $6.25,fastboy 10 Pieces Insect Cake Decoration Happy Birthday Sign Decor Party Crafts Baking Simulation Pastry Cakes Dessert Type 1 1Set,1
More options from $6.25,Wweixi 10 Pieces Stamping Gold Insect Cake Sign Party Butterflies Dessert Decoration Pastry Cakes Decor Baking Shape Simulation Type 6 5Set,1
More options from $6.25,Wweixi 10 Pieces Stamping Gold Insect Cake Sign Party Butterflies Dessert Decoration Pastry Cakes Decor Baking Shape Simulation Type 6 3Set,1
More options from $6.25,Wweixi 10 Pieces Stamping Gold Insect Cake Sign Party Butterflies Dessert Decoration Pastry Cakes Decor Baking Shape Simulation Type 5 5Set,1
More options from $6.25,Wweixi 10 Pieces Stamping Gold Insect Cake Sign Party Butterflies Dessert Decoration Pastry Cakes Decor Baking Shape Simulation Type 5 1Set,1
More options from $6.25,Wweixi 10 Pieces Stamping Gold Insect Cake Sign Party Butterflies Dessert Decoration Pastry Cakes Decor Baking Shape Simulation Type 4 5Set,1
More options from $6.25,Wweixi 10 Pieces Stamping Gold Insect Cake Sign Party Butterflies Dessert Decoration Pastry Cakes Decor Baking Shape Simulation Type 4 2Set,1
More options from $6.25,Wweixi 10 Pieces Stamping Gold Insect Cake Sign Party Butterflies Dessert Decoration Pastry Cakes Decor Baking Shape Simulation Type 4 1Set,1
More options from $6.25,Wweixi 10 Pieces Stamping Gold Insect Cake Sign Party Butterflies Dessert Decoration Pastry Cakes Decor Baking Shape Simulation Type 1 2Set,1
More options from $6.25,Wweixi 10 Pieces Stamping Gold Insect Cake Sign Party Butterflies Dessert Decoration Pastry Cakes Decor Baking Shape Simulation Type 1 1Set,1
More options from $6.25,Guardoinrt 10 Pieces Gold Insect Cake Decoration Sign Birthday Cakes Party Pastry Baking Simulation Wedding Shower Decor Happy Type 6 5Set,1
More options from $6.25,Guardoinrt 10 Pieces Gold Insect Cake Decoration Sign Birthday Cakes Party Pastry Baking Simulation Wedding Shower Decor Happy Type 6 1Set,1
More options from $6.25,Guardoinrt 10 Pieces Gold Insect Cake Decoration Sign Birthday Cakes Party Pastry Baking Simulation Wedding Shower Decor Happy Type 5 2Set,1
More options from $6.25,Guardoinrt 10 Pieces Gold Insect Cake Decoration Sign Birthday Cakes Party Pastry Baking Simulation Wedding Shower Decor Happy Type 2 2Set,1
More options from $6.25,Guardoinrt 10 Pieces Gold Insect Cake Decoration Sign Birthday Cakes Party Pastry Baking Simulation Wedding Shower Decor Happy Type 1 5Set,1
More options from $6.25,Guardoinrt 10 Pieces Gold Insect Cake Decoration Sign Birthday Cakes Party Pastry Baking Simulation Wedding Shower Decor Happy Type 1 3Set,1
More options from $6.25,Guardoinrt 10 Pieces Gold Insect Cake Decoration Sign Birthday Cakes Party Pastry Baking Simulation Wedding Shower Decor Happy Type 1 2Set,1
More options from $6.25,Destyer 10 Pieces Gold Insect Cake Decoration Shower Crafts Shape Decor Simulation Butterflies Decors Baking Party Sign Type 5 5Set,1
More options from $6.26,Shezan Apple Jelly 370g (0.82 Lb) | Pack of 1 | Authentic Flavor and Luxurious Smoothness | Vibrant Flavor | Healthy and Delightful | Glass Bottle,1
More options from $6.29,Flash Deals,1
More options from $6.31,Easy To Use Fondant For Sugar For DIY Cooking,1
More options from $6.32,veasfak 10ml DIY Colorants Pigments 10ml yellow 10ml lemon yellow,1
More options from $6.32,veasfak 10ml DIY Colorants Pigments 10ml brown,1
More options from $6.32,veasfak 10ml DIY Colorants Pigments 10ml black,1
More options from $6.32,veasfak 10ml DIY Colorants Pigments 10ml 10ml rose red,1
More options from $6.34,Filtering Effect Puck Screen For Kitchen 100¦Ìm,1
More options from $6.35,Silic Rice Family Dinner Table cm,1
More options from $6.35,Food Grade Silicone Rice Spoon Heat Resistant Salad Blue #,1
More options from $6.36,Coffee Cup Filter Screen Double-layer Portable Hand Brewed Coffee Folding Ear Filter Free Drip Coffee Coffee Cup,1
More options from $6.39,Transemion 100/200pcs Square Sweets Chocolate Candy Package Foil Paper Wedding Party Favors purple,1
More options from $6.39,Transemion 100/200pcs Square Sweets Chocolate Candy Package Foil Paper Wedding Party Favors gold,1
More options from $6.39,Transemion 100/200pcs Square Sweets Chocolate Candy Package Foil Paper Wedding Party Favors blue,1
More options from $6.42,100pcs/Bag 10x10cm Square Sweets Chocolate Party Candy Sheet Chocolate Lolly Foil Sheets Candy Package Foil Paper Sheets Wedding Shower Party Favors,1
More options from $6.42,100pcs/Bag 10x10cm Square Sweets Chocolate Party Candy Sheet Chocolate Lolly Candy Package Foil Paper Sheets Wedding Shower Party Favors,1
More options from $6.42,100pcs/Bag 10x10cm Square Sweets Chocolate Lolly Sheets Chocolate Foil Sheets Candy Package Foil Paper Sheets Wedding Shower Party Favors,1
More options from $6.42,100pcs/Bag 10x10cm Square Sweets Chocolate Lolly Party Candy Sheet Foil Sheets Candy Package Foil Paper Sheets Wedding Shower Party Favors,1
More options from $6.42,100pcs/Bag 10x10cm Square Sweets Chocolate Lolly Foil Sheets Candy Package Foil Paper Sheets Wedding Shower Party Favors,1
More options from $6.42,100pcs/Bag 10x10cm Square Sweets Chocolate Lolly Foil Sheets Candy Chocolate Lolly Foil Package Foil Paper Sheets Wedding Shower Party Favors,1
More options from $6.42,100pcs/Bag 10x10cm Square Sweets Chocolate Lolly Foil Sheets Candy 10x10cm Square Foil Sheets Package Foil Paper Sheets Wedding Shower Party Favors,1
More options from $6.42,100pcs/Bag 10x10cm Square Sweets Chocolate Lolly Candy Package Paper Sheets Foil Package Foil Paper Sheets Wedding Shower Party Favors,1
More options from $6.42,100pcs/Bag 10x10cm Square Sweets Chocolate Lolly Candy Package Foil Sheet Candy Package Foil 10x10cm Square Foil Paper Sheets Wedding Shower Party Favors,1
More options from $6.42,100pcs/Bag 10x10cm Square Sweets Chocolate Lolly Candy Package Foil Paper Sheets Shower Party Package Foil Paper Sheets Wedding Shower Party Favors,1
More options from $6.42,100pcs/Bag 10x10cm Square Sweets Chocolate Lolly Candy Package Foil Package Foil Paper Sheets Wedding Shower Party Favors,1
More options from $6.42,100pcs/Bag 10x10cm Square Sweets Chocolate Lolly Candy Package Foil Lolly Foil Paper Package Foil Paper Sheets Wedding Shower Party Favors,1
More options from $6.42,100pcs/Bag 10x10cm Square Sweets Chocolate Lolly Candy Package Foil Chocolate Sheet Candy Package 10x10cm Square Foil Paper Sheets Wedding Shower Party Favors,1
More options from $6.42,100pcs/Bag 10x10cm Square Sweets Chocolate Lolly Candy Package Foil Candy Sheet 10x10cm Square Foil Paper Sheets Wedding Shower Party Favors,1
More options from $6.42,100pcs/Bag 10x10cm Square Sweets Chocolate Lolly Candy Package Foil 10x10cm Square Foil Paper Sheets Wedding Shower Party Favors,1
More options from $6.42,100pcs/Bag 10x10cm Square Sweets Chocolate Lolly Candy Package Foil 10x10cm Square Foil 10x10cm Square Foil Paper Sheets Wedding Shower Party Favors,1
More options from $6.42,100pcs/Bag 10x10cm Square Sweets Chocolate Chocolate Sheet Candy Package Lolly Candy Package Foil 10x10cm Square Foil Paper Sheets Wedding Shower Party Favors,1
More options from $6.43,58.5mm Coffee Filter Mesh Plate For Kitchen 150¦Ìm,1
More options from $6.45,100pcs/Bag 10x10cm Square Sweets Chocolate Party Candy Sheet Chocolate Lolly Candy Package Foil Paper Sheets Wedding Shower Party Favors,1
More options from $6.46,Type 8,1
More options from $6.47,"Walden Farms Chocolate Syrup is the new classic. Stock up for whenever cravings strike and drizzle over ice cream or make a shake!
Syrupy Goodness ¨C This natural?chocolate syrup is packed wit",1
,,
More options from $6.60,Youkk Wide Application Steel Sauce With Convenient Salad Well£¬Convenient And Salad Dressing Wide Application And Seal Well Pink lid 1 Pc,1
More options from $6.60,Youkk Wide Application Steel Sauce With Convenient Salad Well£¬Convenient And Salad Dressing Wide Application And Seal Well Orange lid 1 Pc,1
More options from $6.60,Wide Steel Cup And Practical Multi-functional Steel Sauce Cup Kitchen Salad Dressing Seal Well£¬Convenient And Salad Cups Application Well Blue lid,1
More options from $6.60,VONKY Wide Application Steel Sauce With Multi-functional Salad Dressing Seal And Practical Salad Dressing And Seal Well Green lid 1 Pc,1
More options from $6.60,Thinsony Seal Well Salad Dressing Cups For Leak-proof Transport Of Sauces And Dressings Wide Application light green lid 2Set,1
More options from $6.60,Thinsony Seal Well Salad Dressing Cups For Leak-proof Transport Of Sauces And Dressings Wide Application Pink lid 2Set,1
More options from $6.65,58.5mm,1
More options from $6.75,Wide Steel Cup And Practical Multi-functional Salad Dressing Seal Container Salad Dressing Containers Well£¬Convenient And Salad Cups Application Well purple lid,1
More options from $6.75,Wide Steel Cup And Practical Multi-functional Cup Sauce Container Salad Dressing Seal Well£¬Convenient And Salad Cups Application Well Yellow lid,1
More options from $6.75,Thinsony Seal Well Salad Dressing Cups For Leak-proof Transport Of Sauces And Dressings Wide Application Pink lid 3Set,1
More options from $6.75,Thinsony Seal Well Salad Dressing Cups For Leak-proof Transport Of Sauces And Dressings Wide Application Pink lid 2Set,1
More options from $6.75,Thinsony Seal Well Salad Dressing Cups For Leak-proof Transport Of Sauces And Dressings Wide Application Pink lid 1Set,1
More options from $6.75,Thinsony Seal Well Salad Dressing Cups For Leak-proof Transport Of Sauces And Dressings Wide Application Blue lid 1Set,1
More options from $6.75,Thinsony Seal Well Salad Dressing Cups For Leak-proof Transport Of Sauces And Dressings Wide Application 70ml*6 packs (bags) 2Set,1
More options from $6.80,Thinsony Seal Well Salad Dressing Cups For Leak-proof Transport Of Sauces And Dressings Wide Application Pink lid 1Set,1
More options from $6.83,Coffee Pot Filter Aluminum With Sealing Ring For Coffee Making,1
More options from $6.88,Vietnamese Stainless Steel Coffee Filter Cup Vietnamese Coffee Drip Pot,1
More options from $6.92,Coffee Filter Stainless Steel Portafilter Mesh Coffee Machine Filter Screen 150¦Ìm Multi-layer Pressurized Filtering Accessory for Household Hotel 54mm,1
More options from $6.92,100 Pieces Round Coffee Filter Papere papers cone paper Coffee Strainer for hotel Cafe 51mm,1
More options from $6.92,100 Pieces Round Coffee Filter Papere Coffee Strainer coffee maker for hotel Cafe 53mm,1
More options from $6.99,jifeng 10ml DIY Colorants Pigments 10ml yellow 10ml lemon yellow,1
More options from $6.99,jifeng 10ml DIY Colorants Pigments 10ml pink,1
More options from $6.99,jifeng 10ml DIY Colorants Pigments 10ml brown,1
More options from $6.99,jifeng 10ml DIY Colorants Pigments 10ml black,1
More options from $6.99,jifeng 10ml DIY Colorants Pigments 10ml 10ml rose red,1
More options from $6.99,jifeng 100 Pieces Coffee Replacement Part Papere Coffee Strainer Portable Basket 51mm,1
More options from $6.99,crgrtght Today Deals Prime Rose Flower Ice Cocktail Mix Ice Rose Flower 4 With Ice Tray,1
More options from $6.99,crgrtght Today Deals Prime Coffee Cup Filter Screen Double-layer Portable Hand Brewed Coffee Folding Ear Filter Drip Coffee Coffee Cup,1
More options from $6.99,Viflosae Coffee Cup Filter Screen Double-layer Portable Hand Brewed Coffee Folding Ear Filter Drip Coffee Coffee Cup Stationery on Rollback,1
More options from $6.99,Viflosae Coffee Cup Filter Screen Double-layer Portable Hand Brewed Coffee Folding Ear Filter Drip Coffee Coffee Cup Clearance,1
More options from $6.99,Viflosae Clearance Coffee Cup Filter Screen Double-layer Portable Hand Brewed Coffee Folding Ear Filter Drip Coffee Coffee Cup Rollback,1
More options from $6.99,S SERENABLE Thai Tea Filter Bag Coffee Tea Infuser Strainer Cotton Cloth Zipper M,1
More options from $6.99,Qiopertar Flash Deals of the Day Portable Snack Platter Compartmentalized Storage Snack Candy Box up to 65% off Gifts Clearance,1
More options from $6.99,New Petal Long Cream Ladle,1
More options from $6.99,Giunmcul Thickened Oxford Underwear Storage Box Foldable Zipper Split Trouser Organizer Box Up to 50% Off,1
More options from $6.99,Giunmcul Thickened Oxford Underwear Storage Box Foldable Zipper Split Trouser Organizer Box Today Discount,1
More options from $6.99,Fufafayo Deals of The Day Portable Snack Platter Compartmentalized Storage Snack Candy Box,1
More options from $6.99,Dalazy 100X Filter Paper Coffee Supplies Compact Size Single-use Basket Round Hand Dropper Space Saving Replaced Part 53mm,1
More options from $62.50,Baby Blue,1
More options from $63.61,Dispenser With Automatic Dispenser By Pushing Down1pcs,1
More options from $63.61,Car Door Push Bar Central Door () (1pcs),1
More options from $69.98,Finest Call 1 Gallon Margarita Mix Concentrate - Tangy Lime Flavor,1
More options from $69.99,Jolly Rancher Orange Slushy Syrup 5:1 Food Service Concentrate BONUS Squeeze Pump,1
More options from $69.99,Jolly Rancher 64oz/0.5 Gallon Lemon Slushy 5:1 Concentrate,1
More options from $7.03,Japceit Solid Wood Pepper Powder Grinder Black Pepper And Sichuan Pepper Ground Manual Grinder,1
More options from $7.05,Visland 100Pcs Disposable Thick Squeeze Cream Cookie Icing Fondant Piping Bag Cake Decor,1
More options from $7.06,Japceit Coffee Filter Foldable Brewing Stainless Steel Filter Suitable For Any Cup,1
More options from $7.07,58.5mm,1
More options from $7.11,relayinert Wide Steel Sauce Convenient Practical Dressing Seal Well£¬Convenient And Practical Salad Dressing Wide Application Seal purple lid 1 Pc,1
More options from $7.11,relayinert Wide Steel Sauce Convenient Practical Dressing Seal Well£¬Convenient And Practical Salad Dressing Wide Application Seal light green lid 1 Pc,1
More options from $7.11,relayinert Wide Steel Sauce Convenient Practical Dressing Seal Well£¬Convenient And Practical Salad Dressing Wide Application Seal Yellow lid 1 Pc,1
More options from $7.11,relayinert Wide Steel Sauce Convenient Practical Dressing Seal Well£¬Convenient And Practical Salad Dressing Wide Application Seal Pink lid 1 Pc,1
More options from $7.11,relayinert Wide Steel Sauce Convenient Practical Dressing Seal Well£¬Convenient And Practical Salad Dressing Wide Application Seal Green lid 1 Pc,1
More options from $7.11,relayinert Wide Steel Sauce Convenient Practical Dressing Seal Well£¬Convenient And Practical Salad Dressing Wide Application Seal Blue lid 1 Pc,1
More options from $7.11,freestylehome Wide Application Steel And Practical Dressing Seal Well£¬Convenient Salad Dressing Cups Application And Seal Well purple lid 1 Pc,1
More options from $7.11,freestylehome Wide Application Steel And Practical Dressing Seal Well£¬Convenient Salad Dressing Cups Application And Seal Well light green lid 1 Pc,1
More options from $7.11,freestylehome Wide Application Steel And Practical Dressing Seal Well£¬Convenient Salad Dressing Cups Application And Seal Well Yellow lid 1 Pc,1
More options from $7.11,freestylehome Wide Application Steel And Practical Dressing Seal Well£¬Convenient Salad Dressing Cups Application And Seal Well Green lid 1 Pc,1
More options from $7.11,freestylehome Seal Well Salad Dressing Cups For Leak-proof Transport Of Sauces And Dressings Easy To Open purple lid 3Set,1
More options from $7.11,freestylehome Seal Well Salad Dressing Cups For Leak-proof Transport Of Sauces And Dressings Easy To Open 70ml*6 packs (bags) 5Set,1
More options from $7.11,Youkk Wide Application Steel Sauce With Convenient Salad Well£¬Convenient And Salad Dressing Wide Application And Seal Well Green lid 1 Pc,1
More options from $7.11,Wide Steel Cup And Practical Multi-functional Steel Condiment Containers Salad Dressing Seal Well£¬Convenient And Salad Cups Application Well purple lid,1
More options from $7.11,Wide Steel Cup And Practical Multi-functional Salad Sauce Container Salad Dressing Dressing Seal Well£¬Convenient And Salad Cups Application Well Pink lid,1
More options from $7.11,Wide Steel Cup And Practical Multi-functional Salad Dressing Seal Well£¬Convenient And Salad Cups Application Well 70ml*6 packs (bags),1
More options from $7.11,Wide Steel Cup And Practical Multi-functional Container Kitchen Tools Salad Salad Dressing Seal Well£¬Convenient And Salad Cups Application Well Blue lid,1
More options from $7.11,Thinsony Seal Well Salad Dressing Cups For Leak-proof Transport Of Sauces And Dressings Wide Application Green lid 1Set,1
More options from $7.11,Thinsony Seal Well Salad Dressing Cups For Leak-proof Transport Of Sauces And Dressings Wide Application 70ml*6 packs (bags) 5Set,1
More options from $7.12,XZNGL Women Printed Plus Size O-Neck T-Shirts Print Short Sleeve Graphic Tee Tops,1
More options from $7.13,yilyih Solid Wood Pepper Powder Grinder Black Pepper and Sichuan Pepper Ground Manual Grinder,1
More options from $7.13,MAOWAPLG Solid Wood Pepper Powder Grinder Black Pepper And Sichuan Pepper Ground Manual Grinder,1
More options from $7.13,58.5mm,1
More options from $7.17,58.5mm,1
More options from $7.24,Bgsha Stainless Steel Moka Pressed Powder Decrement for Espresso Coffee 4 Cup 6 Cups,1
More options from $7.33,xinxixnxx Wide Steel Cup And Practical Multi-functional Salad Dressing Seal Well£¬Convenient And Salad Cups Application Well purple lid,1
More options from $7.33,xinxixnxx Wide Steel Cup And Practical Multi-functional Salad Dressing Seal Well£¬Convenient And Salad Cups Application Well light green lid,1
More options from $7.33,xinxixnxx Wide Steel Cup And Practical Multi-functional Salad Dressing Seal Well£¬Convenient And Salad Cups Application Well Yellow lid,1
More options from $7.33,xinxixnxx Wide Steel Cup And Practical Multi-functional Salad Dressing Seal Well£¬Convenient And Salad Cups Application Well Pink lid,1
More options from $7.33,xinxixnxx Wide Steel Cup And Practical Multi-functional Salad Dressing Seal Well£¬Convenient And Salad Cups Application Well Orange lid,1
More options from $7.33,xinxixnxx Wide Steel Cup And Practical Multi-functional Salad Dressing Seal Well£¬Convenient And Salad Cups Application Well Green lid,1
More options from $7.33,xinxixnxx Wide Steel Cup And Practical Multi-functional Salad Dressing Seal Well£¬Convenient And Salad Cups Application Well 70ml*6 packs (bags),1
More options from $7.33,mmirethe Portable Salad Dressing Cups For Mess-free Dressing On Move Wide Application Steel Sauce Cup light green lid 3Set,1
More options from $7.33,mmirethe Portable Salad Dressing Cups For Mess-free Dressing On Move Wide Application Steel Sauce Cup 70ml*6 packs (bags) 5Set,1
More options from $7.33,mmirethe Portable Salad Dressing Cups For Mess-free Dressing On Move Wide Application Steel Sauce Cup 70ml*6 packs (bags) 2Set,1
More options from $7.33,freestylehome Wide Application Steel And Practical Dressing Seal Well£¬Convenient Salad Dressing Cups Application And Seal Well purple lid 1 Pc,1
More options from $7.33,freestylehome Wide Application Steel And Practical Dressing Seal Well£¬Convenient Salad Dressing Cups Application And Seal Well light green lid 1 Pc,1
More options from $7.33,freestylehome Wide Application Steel And Practical Dressing Seal Well£¬Convenient Salad Dressing Cups Application And Seal Well Yellow lid 1 Pc,1
More options from $7.33,freestylehome Wide Application Steel And Practical Dressing Seal Well£¬Convenient Salad Dressing Cups Application And Seal Well Pink lid 1 Pc,1
More options from $7.33,freestylehome Seal Well Salad Dressing Cups For Leak-proof Transport Of Sauces And Dressings Easy To Open purple lid 5Set,1
More options from $7.33,freestylehome Seal Well Salad Dressing Cups For Leak-proof Transport Of Sauces And Dressings Easy To Open purple lid 3Set,1
More options from $7.33,freestylehome Seal Well Salad Dressing Cups For Leak-proof Transport Of Sauces And Dressings Easy To Open light green lid 1Set,1
More options from $7.33,freestylehome Seal Well Salad Dressing Cups For Leak-proof Transport Of Sauces And Dressings Easy To Open Yellow lid 5Set,1
More options from $7.33,freestylehome Seal Well Salad Dressing Cups For Leak-proof Transport Of Sauces And Dressings Easy To Open Yellow lid 2Set,1
More options from $7.33,freestylehome Seal Well Salad Dressing Cups For Leak-proof Transport Of Sauces And Dressings Easy To Open Yellow lid 1Set,1
More options from $7.33,freestylehome Seal Well Salad Dressing Cups For Leak-proof Transport Of Sauces And Dressings Easy To Open Green lid 1Set,1
More options from $7.33,freestylehome Seal Well Salad Dressing Cups For Leak-proof Transport Of Sauces And Dressings Easy To Open Blue lid 5Set,1
More options from $7.33,freestylehome Seal Well Salad Dressing Cups For Leak-proof Transport Of Sauces And Dressings Easy To Open 70ml*6 packs (bags) 2Set,1
More options from $7.33,Youkk Wide Application Steel Sauce With Convenient Salad Well£¬Convenient And Salad Dressing Wide Application And Seal Well light green lid 1 Pc,1
More options from $7.33,Youkk Seal Well Salad Dressing Cups For Leak-proof Transport Of Sauces And Dressings Steel Sauce Cup Yellow lid 3Set,1
More options from $7.33,Youkk Seal Well Salad Dressing Cups For Leak-proof Transport Of Sauces And Dressings Steel Sauce Cup Yellow lid 1Set,1
More options from $7.33,Wide Steel Cup And Practical Tool Steel Sauce Multi-functional Salad Dressing Seal Well£¬Convenient And Salad Cups Application Well light green lid,1
More options from $7.33,Wide Steel Cup And Practical Salad Dressing Multi-functional Salad Dressing Seal Well£¬Convenient And Salad Cups Application Well Pink lid,1
More options from $7.33,Wide Steel Cup And Practical Multi-functional Steel Sauce Cup Kitchen Salad Dressing Seal Well£¬Convenient And Salad Cups Application Well Blue lid,1
More options from $7.33,Wide Steel Cup And Practical Multi-functional Steel Condiment Containers Salad Dressing Seal Well£¬Convenient And Salad Cups Application Well purple lid,1
More options from $7.33,Wide Steel Cup And Practical Multi-functional Salad Dressing Seal Well£¬Convenient And Salad Cups Application Well 70ml*6 packs (bags),1
More options from $7.33,Wide Steel Cup And Practical Multi-functional Salad Dressing Salad Dressing Container Steel Seal Well£¬Convenient And Salad Cups Application Well Green lid,1
More options from $7.33,Wide Steel Cup And Practical Multi-functional Salad Dressing Container Steel Dressing Seal Well£¬Convenient And Salad Cups Application Well Pink lid,1
More options from $7.33,Wide Steel Cup And Practical Multi-functional Salad Container Steel Sauce Dressing Seal Well£¬Convenient And Salad Cups Application Well Blue lid,1
More options from $7.33,Wide Steel Cup And Practical Dressing Container Steel Multi-functional Salad Dressing Seal Well£¬Convenient And Salad Cups Application Well Green lid,1
More options from $7.33,Wide Steel Cup And Practical Container Steel Sauce Cup Multi-functional Salad Dressing Seal Well£¬Convenient And Salad Cups Application Well Orange lid,1
More options from $7.33,VONKY Wide Application Steel Sauce With Multi-functional Salad Dressing Seal And Practical Salad Dressing And Seal Well Green lid 1 Pc,1
More options from $7.33,VONKY Wide Application Steel Salad Practical Salad Dressing Cups Wide Well light green lid 5Set,1
More options from $7.33,Thinsony Seal Well Salad Dressing Cups For Leak-proof Transport Of Sauces And Dressings Wide Application purple lid 5Set,1
More options from $7.33,Thinsony Seal Well Salad Dressing Cups For Leak-proof Transport Of Sauces And Dressings Wide Application purple lid 2Set,1
More options from $7.33,Thinsony Seal Well Salad Dressing Cups For Leak-proof Transport Of Sauces And Dressings Wide Application Pink lid 5Set,1
More options from $7.33,Thinsony Seal Well Salad Dressing Cups For Leak-proof Transport Of Sauces And Dressings Wide Application 70ml*6 packs (bags) 5Set,1
More options from $7.40,wolftale Fondant Cake Decorating Tool Non-Toxic And Eco-Friendly Wide Application As Shown 5Set,1
More options from $7.40,wolftale Fondant Cake Decorating Tool Non-Toxic And Eco-Friendly Wide Application As Shown 2Set,1
More options from $7.40,wolftale Fondant Cake Decorating Tool Non-Toxic And Eco-Friendly Wide Application As Shown 1Set,1
More options from $7.40,tssuouriy Non-Stick Fondant Cake Decorating Tool Set Easy To Clean And Non-Toxic DIY Cake Convenient As Shown 5Set,1
More options from $7.40,tssuouriy Non-Stick Fondant Cake Decorating Tool Set Easy To Clean And Non-Toxic DIY Cake Convenient As Shown 2Set,1
More options from $7.40,tssuouriy Non-Stick Fondant Cake Decorating Tool Set Easy To Clean And Non-Toxic DIY Cake Convenient As Shown 1Set,1
More options from $7.40,Wweixi Cake Decorating Fondant Tool Set Non-Toxic And Eco-Friendly For DIY Cake Decorations High As Shown 5Set,1
More options from $7.43,Qiopertar Les lacunes Pain rond anti - contrefa?on panier tissu doublure de p?te aigre banneton tissu anti - contrefa?on naturel rotin cuisson p?te panier housse ?conomisez jusqu'¨¤ 90%,1
More options from $7.49,Stainless Steel Coffee Portafilter Screen Screen Expresso Filter for Coffee Maker 58mm 1.7mm,1
More options from $7.49,Stainless Steel Coffee Portafilter Screen Fliter Screen Filter for Coffee Maker 51mm 1mm,1
More options from $7.49,Stainless Steel Coffee Portafilter Screen Filter for Coffee Screen Contact Maker 51mm 1.7mm,1
More options from $7.55,Vintage Bicycle Clock Battery Operated Double-sided Table Clock with Mute Motor Multifunctional Bicycle Table Quartz for Home Desk Decoration,1
More options from $7.55,Stainless Steel Wax Seal Warmer Large Capacity Wax Seal Furnace Stove Pot Height Adjustable Wax Melting Tool with Spoon for DIY Stamp,1
More options from $7.55,Portable Trimmer Shoulder Strap Universal Mower Shoulder Harness Adjustable Trimmer Shoulder String for Lawn Mower Wire Trimmer Garden,1
More options from $7.55,Multi-Functions Waist Pack with Night Reflective Strip Large Capacity Running Pouch Waterproof Nylon Waist Bag for Sport Cycling Hiking,1
More options from $7.55,Independence Day Wreath Acrylic Flower Decoration Memorial Day USA National Wreath flag wreath Fourth of July Door Wall Decoration for American,1
More options from $7.55,8W Wall Lamp Square Warm White Light Light Indoor Lamp Light Wall Sconce Black Shell AC85-265V IP65 Waterproof Rating for Home Restaurant Store,1
More options from $7.55,2pcs 7 Chakras Silicone Mold DIY Hemisphere Mirror Casting Mold Practical Semicircle Round Mirror Crystal Epoxy Mold for Pendant Jewelry Making Craft,1
More options from $7.62,ruzhgo 40-Count Paper Coffee Filters Accessories Disposable Unbleached Filters V02 strainer Paper 1-4Cup for Coffee Maker,1
More options from $7.62,ruzhgo 100Pcs Coffee Paper Filters Maker pot paper Filter Paper paper filters Coffee Maker for No6 Vietnamese Coffee Pot,1
More options from $7.62,kurtrusly 40-Count Paper Coffee Filters Accessories Disposable Unbleached Paper 1-4Cup for Coffee Maker,1
More options from $7.62,40-Count Paper Coffee Filters Accessories Disposable V02 strainer bag 1-4Cup for Coffee Maker,1
More options from $7.67,Sky Blue One Size,1
More options from $7.67,Red One Size,1
More options from $7.67,Hot Pink One Size,1
More options from $7.67,Blue One Size,1
More options from $7.85,53.5mm Round Coffee Filter Plate 304 Stainless Steel Coffee Powder Full Extraction Handheld Lower Shower Filter,1
More options from $7.89,Peggybuy Coffee Capsule Filter Eco-friendly Filter Cup for Home Kitchen Gadgets (Red),1
More options from $7.89,Peggybuy Coffee Capsule Filter Eco-friendly Filter Cup for Home Kitchen Gadgets (Purple),1
More options from $7.89,Peggybuy Coffee Capsule Filter Eco-friendly Filter Cup for Home Kitchen Gadgets (Black),1
More options from $7.92,Wooden Coaster Cups Placemat Black Walnut Wood Coaster Square 8.8*8.8cm,1
More options from $7.92,Reusable Non-Stick Bakeware Mat Grill Macaron Baking Paper Sheet 40x30cm,1
More options from $7.94,For Families And Coffee Shops Coffee Mesh Filter,1
More options from $7.97,Detachable Safe For Families And Coffee Shops l 1000ml,1
More options from $7.97,Coffee Mesh Filter For Families And Coffee Shops l 1000ml,1
More options from $7.97,5Pcs 304 Stainless Steel Coffee Filter Portable Detachable Coffee Pot Mesh Filter Accessory,1
More options from $7.98,100 Pieces Round Coffee Filter Papere Coffee Strainer for Hotel Cafe Home 58mm,1
More options from $7.98,100 Pieces Round Coffee Filter Papere Coffee Strainer for Hotel Cafe Home 53mm,1
More options from $7.99,s Pigment Candle Colo Colorant Candle Material Black,1
More options from $7.99,karymi Lazy Automatic Magnetic Stirring Cup coffee Grain Powder Brewing Cup up to 65% off,1
More options from $7.99,Playset For Age 3 Years and Up Pretend Food Playset Salmon sashimi,1
More options from $7.99,Peggybuy Coffee Capsule Filter Eco-friendly Filter Cup for Home Kitchen Gadgets (Red),1
More options from $7.99,Peggybuy Coffee Capsule Filter Eco-friendly Filter Cup for Home Kitchen Gadgets (Purple),1
More options from $7.99,Peggybuy Coffee Capsule Filter Eco-friendly Filter Cup for Home Kitchen Gadgets (Black),1
More options from $7.99,Paperless Coffee Dripper Coffee Accessories Filtration with spoons for Indoor Black,1
More options from $7.99,Japanese Food Toy Kitchen Set Family Playset for Kids Salmon sushi,1
More options from $7.99,For ddlers Age 3 Years and Up Snowflake Beef,1
More options from $7.99,Food Toy Kitchen Set for Toddlers Age 3 Years and Up Skills Sushi,1
More options from $7.99,Food For Toddlers Age 3 Years and Age Educational Tuna sushi,1
More options from $7.99,Food Coloring Pen Edible Markers for Decorating Easter Eggs Painting Writing Red,1
More options from $7.99,Food Coloring Pen Edible Markers for Decorating Easter Eggs Painting Writing Brown,1
More options from $7.99,Food Coloring Pen Edible Markers for Decorating Easter Eggs Painting Writing Blue,1
More options from $7.99,Coffee Filter Paper Coffee Machine accessoriesll,1
More options from $7.99,Abbracc 50Pcs Coffee Filter Paper Basket Filters Paper for Coffee Machine S S,1
More options from $7.99,:12 Scale Mini Dollhouse Dessert Cookies,1
More options from $7.99,:12 Dollhouse Dessert Cookies,1
More options from $7.99,:12 Dessert,1
More options from $7.99,10pcs 1:12 Biscuits for Cooking Style6,1
More options from $7.99,10pcs 1:12 Biscuits for Cooking,1
More options from $7.99,"10g Yellow Color Soap Making Colorants for , Making, Blush,",1
More options from $7.99,100x Household Coffee Filter Papere Professional Coffee Strainer Round for Dinning Home Cafe 51mm,1
More options from $7.99,100x Household Coffee Filter Papere 56mm 60mm 68mm Coffee Strainer Replacements Professional Universal for Coffee Maker 6cm,1
More options from $7.99,100x Household Coffee Filter Papere 56mm 60mm 68mm Coffee Strainer Replacements Professional Universal for Coffee Maker 6.8cm,1
More options from $7.99,100Pcs Household Pot Paper Filter 56mm 60mm 68mm Replacements Professional Round 6cm,1
More options from $7.99,100 Pieces Round Coffee Filter Papere Coffee Strainer for Hotel Cafe Home 58mm,1
More options from $7.99,100 Pieces Round Coffee Filter Papere Coffee Strainer for Hotel Cafe Home 53mm,1
More options from $8,6 oz Candle - Black Raspberry Vanilla (SS24),1
More options from $8,3.5 oz Candle - Roasted Espresso (Blue) (SS9),1
More options from $8,10 oz Candle - Spiced Apple (SS19),1
More options from $8,10 oz Candle - Roasted Espresso (SS2),1
More options from $8.05,Aluminum Coffee Press Filter Easy to Clean Perfect Match for Coffee Making Pot,1
More options from $8.06,la far,1
More options from $8.06,du sucre,1
More options from $8.10,Lubelski 15g Cake Decorating Powder with Bottle DIY Shiny Tasty Cookies Icing Cake Color Powder for Kitchen,1
More options from $8.24,Fufafayo Multicouche bo?te ¨¤ bonbons snacks et bo?tes ¨¤ bonbons s¨¦ch¨¦es bo?te ¨¤ bonbons avec compartiment plateau de fruits bo?te ¨¤ bonbons divis¨¦e s¨¦ch¨¦e snacks sucre,1
More options from $8.26,MAOWAPLG Solid Wood Pepper Powder Grinder Black Pepper And Sichuan Pepper Ground Manual Grinder,1
More options from $8.28,51mm NonPressurized Espresso Filter Basket Replacement for Improved Coffee J2C5,1
More options from $8.31,Stainless Steel Coffee Puck Screen Filter High Strength Espresso Machine Tool Coffee Making Essential,1
More options from $8.31,Filtering Effect Puck Screen For Kitchen 100¦Ìm,1
More options from $8.32,Easy To Use Fondant For Sugar For DIY Cooking,1
More options from $8.35,Coffee Pot Filter Disc Labor Saving For Coffee Making For 6 People,1
More options from $8.36,Embroidered Spiritual Salt Pouch for Money,1
More options from $8.44,Universal Coffee Pot Filter Disc For Coffee Making For 6 People,1
More options from $8.44,15x20cm,1
More options from $8.44,100Pcs/Lot Teabags Lightweight Empty Square Cooking Spice Scented Tea Bags with Seal Filter Paper Natural Drawstring Herb Pouch 100pcs 7x9cm,1
More options from $8.44,100Pcs/Lot Teabags Lightweight Empty Square Cooking Spice Scented Tea Bags with Seal Filter Paper Natural Drawstring Herb Pouch 100pcs 6x8cm,1
More options from $8.44,100Pcs/Lot Teabags Lightweight Empty Square Cooking Spice Scented Tea Bags with Seal Filter Paper Natural Drawstring Herb Pouch 100pcs 5.5x7cm,1
More options from $8.47,Quick-dry nail polish,1
More options from $8.50,Garosa 5Pcs 304 Stainless Steel Coffee Filter Portable Detachable Coffee Pot Mesh Filter Accessory,1
More options from $8.50,Decodeary Salad Dressing Fresh And Ready Portable Salad Dressing Container No Leaks Pink 3Set,1
More options from $8.50,Decodeary Salad Dressing Fresh And Ready Portable Salad Dressing Container No Leaks Pink 1Set,1
More options from $8.50,Decodeary Salad Dressing Fresh And Ready Portable Salad Dressing Container No Leaks Light Blue 5Set,1
More options from $8.52,Retains Coffee Oils,1
More options from $8.52,Diameter 58.5mm / 2.3in,1
More options from $8.54,Dalazy 100X Filter Paper Coffee Supplies Compact Size Single-use Basket Round Hand Dropper Space Saving Replaced Part 53mm,1
More options from $8.58,316 Stainless Steel High Temperature Resistant Puck Filter For Home For Office,1
More options from $8.59,Coffee Mesh Filter For Families And Coffee Shops l 1000ml,1
More options from $8.60,Detachable Safe For Families And Coffee Shops l 1000ml,1
More options from $8.61,300g | Multiple Flavours,1
More options from $8.67,316 Stainless Steel High Temperature Resistant Puck Filter For Home For Office,1
More options from $8.74,Garosa 5Pcs 304 Stainless Steel Coffee Filter Portable Detachable Coffee Pot Mesh Filter Accessory,1
More options from $8.75,MAOWAPLG Solid Wood Pepper Powder Grinder Black Pepper And Sichuan Pepper Ground Manual Grinder,1
More options from $8.76,Transemion Gold Foil Leaf Festival Cake Chocolates Dessert Muffins Flakes Portable Bakery Food Dishes Coffee Decoration DIY Silver 5Set,1
More options from $8.76,Transemion Gold Foil Leaf Festival Cake Chocolates Dessert Muffins Flakes Portable Bakery Food Dishes Coffee Decoration DIY Silver 1Set,1
More options from $8.76,5Pcs 304 Stainless Steel Coffee Filter Portable Detachable Coffee Pot Mesh Filter Accessory,1
More options from $8.79,Coffee Mesh Filter For Families And Coffee Shops l 1000ml,1
More options from $8.80,Wooden Coaster Cups Placemat Black Walnut Wood Coaster Square 8.8*8.8cm,1
More options from $8.80,Reusable Non-Stick Bakeware Mat Grill Macaron Baking Paper Sheet 40x30cm,1
More options from $8.80,For Families And Coffee Shops Coffee Mesh Filter,1
More options from $8.80,Coffee Mesh Filter For Families And Coffee Shops l 1000ml,1
More options from $8.82,Lolmot Take With One Water Cup - Brewing Tea Take With One Cup Portable Understandable Cold Brew Coffee Take With One Water Cup - Cold Brew Cup - (600ml) - BPA Free,1
More options from $8.84,Thinsony 200pieces Essential For Tea Drinking Tea Bag High Temperature Resistant Tea Bags white 3Set,1
More options from $8.84,Thinsony 200pieces Essential For Tea Drinking Tea Bag High Temperature Resistant Tea Bags white 2Set,1
More options from $8.84,Thinsony 200pieces Essential For Tea Drinking Tea Bag High Temperature Resistant Tea Bags white 1Set,1
More options from $8.84,Justharion 200x White Wide Application Tea Filter Bag Easy To Carry High Temperature Resistant white 3Set,1
More options from $8.84,Goriertaly 200pcs/set Enjoy Cup Of Tea Tea Filter Bag For Easy Brewing Wide white 2Set,1
More options from $8.84,Goriertaly 200pcs/set Enjoy Cup Of Tea Tea Filter Bag For Easy Brewing Wide white 1Set,1
More options from $8.84,Detachable Safe For Families And Coffee Shops l 1000ml,1
More options from $8.85,100Pcs/Lot Teabags Lightweight Empty Square Cooking Spice Scented Tea Bags with Seal Filter Paper Natural Drawstring Herb Pouch 100pcs 7x9cm,1
More options from $8.85,100Pcs/Lot Teabags 5 x 7CM Empty Scented Tea Tea Infuser; Tea Bags With String Heal Seal Filter Paper,1
More options from $8.86,5Pcs 304 Stainless Steel Coffee Filter Portable Detachable Coffee Pot Mesh Filter Accessory,1
More options from $8.90,Mistaha Coffee Capsules Cup Refillable Reusable Coffee Filters with Enlarge Mesh Strainer Large Inlet Replacement for Keurig 2.0 and 1.0,1
More options from $8.90,Mistaha Coffee Capsules Cup Refillable Reusable Coffee Filters Enlarge Mesh Strainer Large Inlet with Brush & Spoon Replacement for Keurig 2.0 and 1.0 8-Pack,1
More options from $8.93,herb filter bag loose tea pouch drawstring herb pouch fabric tea bag empty tea bag,1
More options from $8.93,Wweixi 10 Pieces Stamping Gold Insect Cake Sign Party Butterflies Dessert Decoration Pastry Cakes Decor Baking Shape Simulation Type 6 5Set,1
More options from $8.93,Wweixi 10 Pieces Stamping Gold Insect Cake Sign Party Butterflies Dessert Decoration Pastry Cakes Decor Baking Shape Simulation Type 6 3Set,1
More options from $8.93,Wweixi 10 Pieces Stamping Gold Insect Cake Sign Party Butterflies Dessert Decoration Pastry Cakes Decor Baking Shape Simulation Type 6 2Set,1
More options from $8.93,Wweixi 10 Pieces Stamping Gold Insect Cake Sign Party Butterflies Dessert Decoration Pastry Cakes Decor Baking Shape Simulation Type 6 1Set,1
More options from $8.93,Wweixi 10 Pieces Stamping Gold Insect Cake Sign Party Butterflies Dessert Decoration Pastry Cakes Decor Baking Shape Simulation Type 4 5Set,1
More options from $8.93,Wweixi 10 Pieces Stamping Gold Insect Cake Sign Party Butterflies Dessert Decoration Pastry Cakes Decor Baking Shape Simulation Type 4 2Set,1
More options from $8.93,Wweixi 10 Pieces Stamping Gold Insect Cake Sign Party Butterflies Dessert Decoration Pastry Cakes Decor Baking Shape Simulation Type 2 5Set,1
More options from $8.93,Wweixi 10 Pieces Stamping Gold Insect Cake Sign Party Butterflies Dessert Decoration Pastry Cakes Decor Baking Shape Simulation Type 1 1Set,1
More options from $8.93,7x9cm,1
More options from $8.93,5.5x7cm,1
More options from $8.93,100Pcs/Lot Teabags 5 x 7CM Empty Scented Tea Tea Infuser; Tea Bags With String Heal Seal Filter Paper,1
More options from $8.94,Garosa 5Pcs 304 Stainless Steel Coffee Filter Portable Detachable Coffee Pot Mesh Filter Accessory,1
More options from $8.97,facefd 100Pcs/Lot Teabags Lightweight Empty Square Cooking Spice Scented Tea Bags with Seal Filter Paper Natural Drawstring Herb Pouch 100pcs 8x10cm,1
More options from $8.98,New Drip-Proof Popsicle Rack Drip Free Ice Holder No Mess Free Frozen Treats Rack Popsicle Holder with Straw For Kids Ice Cream 4Pcs Yellow,1
More options from $8.98,New Drip-Proof Popsicle Rack Drip Free Ice Holder No Mess Free Frozen Treats Rack Popsicle Holder with Straw For Kids Ice Cream 4Pcs Red,1
More options from $8.98,New Drip-Proof Popsicle Rack Drip Free Ice Holder No Mess Free Frozen Treats Rack Popsicle Holder with Straw For Kids Ice Cream 4Pcs Green,1
More options from $8.98,New Drip-Proof Popsicle Rack Drip Free Ice Holder No Mess Free Frozen Treats Rack Popsicle Holder with Straw For Kids Ice Cream 4Pcs Blue,1
More options from $8.98,New Drip-Proof Popsicle Rack Drip Free Ice Holder No Mess Free Frozen Treats Rack Popsicle Holder with Straw For Kids Ice Cream 1PC Red,1
More options from $8.98,New Drip-Proof Popsicle Rack Drip Free Ice Holder No Mess Free Frozen Treats Rack Popsicle Holder with Straw For Kids Ice Cream 1PC Green,1
More options from $8.98,New Drip-Proof Popsicle Rack Drip Free Ice Holder No Mess Free Frozen Treats Rack Popsicle Holder with Straw For Kids Ice Cream 1PC Blue,1
More options from $8.98,100Pcs Round Coffee Filter Portable Basket Filters Replacement Part for Home 51mm,1
More options from $8.99,kusrkot 60Pcs Invisible Chest Covers Anti Chafing Nip Guard Nip Protector Breathable Nip Skin,1
More options from $8.99,kusrkot 60Pcs Invisible Chest Covers Anti Chafing Nip Guard Nip Protector Breathable Nip Dark Skin,1
More options from $8.99,Rkxzt Plastic Divided Snack Box with Cover Snack Fruit Tray Food Storage Lunch Box Removable and Washable Round Four Compartment Weekly Deals,1
More options from $8.99,Porous Portable Permanent 58MM Espresso Machines Double Cup,1
More options from $8.99,Gaqring Coffee Beans Coffee Powder Dry Goods Sealed Container 304 Stainless Steel Sealed Storage Tank Open Box Deals Clearance,1
More options from $8.99,Gaqring Coffee Beans Coffee Powder Dry Goods Sealed Container 304 Stainless Steel Sealed Storage Tank Cheap Stuff,1
More options from $8.99,GUOOL 50Pcs Coffee Paper Basket s Paper for Coffee Machine S S,1
More options from $8.99,Filter Screen Filter Mesh Professional Anti Corrosion for Replacement 55mm 1mm Thick,1
More options from $8.99,Filter Screen Filter Mesh Professional Anti Corrosion for Replacement 51mm 1mm Thick,1
More options from $8.99,Filter Screen Filter Mesh Making Filter Screen for Replacement 51mm 2mm Thick,1
More options from $8.99,DOLITY 100 Pcs Round Coffee Papere Professional Replacement Coffee Strainer Cone 58mm,1
More options from $8.99,Coffee Portafilter Coffee Filter Screen for Coffee Pot Accessories 53mm,1
More options from $8.99,Coffee Portafilter Coffee Filter Screen for Coffee Pot Accessories 51.5mm,1
More options from $8.99,58mm Coffee Filter Replacement Durable Reusable for Espresso Machines Coffee Machine Single Cup,1
More options from $8.99,50 Pieces Coffee Filters with Lid for 1.0 & 2.0 Coffee Maker Parts Accessory Style A,1
More options from $8.99,100x Household Coffee Filter Papere 56mm 60mm 68mm Coffee Strainer Replacements Professional Universal for Coffee Maker 6cm,1
More options from $8.99,100x Household Coffee Filter Papere 56mm 60mm 68mm Coffee Strainer Replacements Professional Universal for Coffee Maker 6.8cm,1
More options from $8.99,100Pcs Household Pot Paper Filter 56mm 60mm 68mm Replacements Professional Round 6cm,1
More options from $8.99,Filtering Effect Puck Screen For Kitchen 100¦Ìm,1
More options from $86.85,Wweixi Enjoy Pleasure Of Brewing Coffee High Precision Coffee Strainer Bottomless Handle Is Easy To Clean F Brazilian pear 3Set,1
More options from $86.85,Wweixi Enjoy Pleasure Of Brewing Coffee High Precision Coffee Strainer Bottomless Handle Is Easy To Clean F Brazilian pear 2Set,1
More options from $86.85,Wweixi Enjoy Pleasure Of Brewing Coffee High Precision Coffee Strainer Bottomless Handle Is Easy To Clean C2 WHITE PLASTIC 3Set,1
More options from $86.85,Wweixi Enjoy Pleasure Of Brewing Coffee High Precision Coffee Strainer Bottomless Handle Is Easy To Clean C2 plastic black 2Set,1
More options from $86.85,Wweixi Enjoy Pleasure Of Brewing Coffee High Precision Coffee Strainer Bottomless Handle Is Easy To Clean C1 beech 3Set,1
More options from $86.85,Wweixi Enjoy Pleasure Of Brewing Coffee High Precision Coffee Strainer Bottomless Handle Is Easy To Clean C1 beech 2Set,1
More options from $86.85,Wweixi Enjoy Pleasure Of Brewing Coffee High Precision Coffee Strainer Bottomless Handle Is Easy To Clean B2 beech 3Set,1
More options from $86.85,Wweixi Enjoy Pleasure Of Brewing Coffee High Precision Coffee Strainer Bottomless Handle Is Easy To Clean B2 beech 2Set,1
More options from $86.85,Wweixi Enjoy Pleasure Of Brewing Coffee High Precision Coffee Strainer Bottomless Handle Is Easy To Clean A2 beech 3Set,1
More options from $86.85,Wweixi Enjoy Pleasure Of Brewing Coffee High Precision Coffee Strainer Bottomless Handle Is Easy To Clean A2 beech 2Set,1
More options from $87.55,Pinwheel Bubble Wand Bubble Blower And Pinwheel Spinner For Kids For Outdoor,1
More options from $87.78,pimelu Divided Serving Tray With Lid And Handle Portable Snackle Box Charcuterie Container Airtight Snack Box For Picnic Entertaining Party Up to 60% off Summer Savings New Year's Day,1
More options from $87.78,pimelu Divided Serving Tray With Lid And Handle Portable Snackle Box Charcuterie Container Airtight Snack Box For Picnic Entertaining Party Up to 45% off Clearance Halloween,1
More options from $9,Wweixi Coffee Beverage Filter Bag with Drawstring Multi-purpose Food Vegetable Fruit Fine Mesh Strainer Bags Home Kitchen Cafe 12x12inch,1
More options from $9,Vietnamese Stainless Steel Coffee Filter Cup Vietnamese Coffee Drip Pot,1
More options from $9,8x10cm,1
More options from $9,100Pcs/Lot Teabags 5 x 7CM Empty Scented Tea For Loose Tea; Bags With String Heal Seal Filter Paper,1
More options from $9.03,15x20cm,1
More options from $9.03,100Pcs/Lot Teabags Lightweight Empty Square Cooking Spice Scented Tea Bags with Seal Filter Paper Natural Drawstring Herb Pouch 100pcs 8x10cm,1
More options from $9.08,Xingzhi Coffee Filter Handheld Strainers Household Accessories Drink Strainer Professional Takedown Design Filtering Bag 100mm 1Set,1
More options from $9.08,Ustyle Coffee Filter Handheld Strainers Sweet Gift Drink Strainer Kitchenware Cloth Filters Handily Gripped Filtering Bag 100mm 1Set,1
More options from $9.08,Unatoiry Coffee Filter Household Accessories Detachable Drink Strainer Kitchenware Cloth Filters Wood Handily Gripped Filtering Bag 100mm 1Set,1
More options from $9.08,Transemion Coffee Filter Household Accessories Drink Strainer Professional Takedown Design Kitchenware Cloth Filters Filtering Bag 100mm 1Set,1
More options from $9.08,Enqiretly Coffee Filter Handheld Strainers Drink Strainer Professional Practical Kitchenware Handily Gripped Filtering Bag 100mm 1Set,1
More options from $9.08,Becaristey Coffee Filter Workmanship Handheld Strainers Household Accessories Drink Strainer Professional Kitchenware Filtering Bag 100mm 1Set,1
More options from $9.09,Peggybyg 1/4/6 PCS Coffee Filters Eco-Friendly Refillable Coffee Pods for Keurig 1.0/2.0,1
More options from $9.10,Stainless Steel Coffee Portafilter Filter Basket Mesh Coffee Strainer High Filtration Accuracy Metal Filter Strainer For Home Coffee Making,1
More options from $9.11,For Families And Coffee Shops Coffee Mesh Filter,1
More options from $9.16,58.5mm,1
More options from $9.21,Filtering Effect Puck Screen For Kitchen 100¦Ìm,1
More options from $9.28,Durable For Families And Coffee Shops Coffee Mesh Filter l 1000ml,1
More options from $9.29,Filtering Effect Puck Screen For Kitchen 100¦Ìm,1
More options from $9.30,Transemion Gold Foil Leaf Festival Cake Chocolates Dessert Muffins Flakes Portable Bakery Food Dishes Coffee Decoration DIY Silver 5Set,1
More options from $9.30,Transemion Gold Foil Leaf Festival Cake Chocolates Dessert Muffins Flakes Portable Bakery Food Dishes Coffee Decoration DIY Silver 1Set,1
More options from $9.30,Transemion 1/2/3/5 Gold Foil Leaf Festival Cake Dessert Pastry Candy Flakes Bakery Bar Food Dishes Tea Drink Decoration DIY Craft Silver 3PCS,1
More options from $9.30,Transemion 1/2/3/5 Gold Foil Leaf Festival Cake Dessert Pastry Candy Flakes Bakery Bar Food Dishes Tea Drink Decoration DIY Craft Silver 1 Pc,1
More options from $9.30,Mistaha Coffee Capsules Cup Refillable Reusable Coffee Filters with Enlarge Mesh Strainer Large Inlet Replacement for Keurig 2.0 and 1.0,1
More options from $9.30,Mistaha Coffee Capsules Cup Refillable Reusable Coffee Filters Enlarge Mesh Strainer Large Inlet with Brush & Spoon Replacement for Keurig 2.0 and 1.0 8-Pack,1
More options from $9.32,15x20cm,7
More options from $9.32,Wweixi Teabags Non-woven Fabrics Square Food Grade Scented Tea Bags with Seal Filter Paper Loose Strainer Steeper Drawstring Herb Pouch TYPE5 100pcs 8x10cm,1
More options from $9.32,Wweixi Teabags Non-woven Fabrics Square Food Grade Scented Tea Bags with Seal Filter Paper Loose Strainer Steeper Drawstring Herb Pouch TYPE3 100pcs 6x8cm,1
More options from $9.32,Wweixi Teabags Non-woven Fabrics Square Food Grade Scented Tea Bags with Seal Filter Paper Loose Strainer Steeper Drawstring Herb Pouch TYPE1 100pcs 5x7cm,1
More options from $9.32,Langgg 100Pcs/Lot Teabags Lightweight Empty Square Cooking Spice Scented Tea Bags with Seal Filter Paper Natural Drawstring Herb Pouch 100pcs 7x9cm,1
More options from $9.32,Langgg 100Pcs/Lot Teabags Lightweight Empty Square Cooking Spice Scented Tea Bags with Seal Filter Paper Natural Drawstring Herb Pouch 100pcs 6x8cm,1
More options from $9.32,Langgg 100Pcs/Lot Teabags Lightweight Empty Square Cooking Spice Scented Tea Bags with Seal Filter Paper Natural Drawstring Herb Pouch 100pcs 5x7cm,1
More options from $9.32,Langgg 100Pcs/Lot Teabags Lightweight Empty Square Cooking Spice Scented Tea Bags with Seal Filter Paper Natural Drawstring Herb Pouch 100pcs 5.5x7cm,1
More options from $9.32,Baohd 100Pcs/Lot Teabags Lightweight Empty Square Cooking Spice Scented Tea Bags with Seal Filter Paper Natural Drawstring Herb Pouch 100pcs 8x10cm,1
More options from $9.32,Baohd 100Pcs/Lot Teabags Lightweight Empty Square Cooking Spice Scented Tea Bags with Seal Filter Paper Natural Drawstring Herb Pouch 100pcs 5x7cm,1
More options from $9.32,Baohd 100Pcs/Lot Teabags Lightweight Empty Square Cooking Spice Scented Tea Bags with Seal Filter Paper Natural Drawstring Herb Pouch 100pcs 5.5x7cm,1
More options from $9.32,100Pcs/Lot Teabags Lightweight Empty Square Cooking Spice Scented Tea Bags with Seal Filter Paper Natural Drawstring Herb Pouch 100pcs 7x9cm,1
More options from $9.32,100Pcs/Lot Teabags Lightweight Empty Square Cooking Spice Scented Tea Bags with Seal Filter Paper Natural Drawstring Herb Pouch 100pcs 6x8cm,1
More options from $9.32,100Pcs/Lot Teabags Lightweight Empty Square Cooking Spice Scented Tea Bags with Seal Filter Paper Natural Drawstring Herb Pouch 100pcs 5.5x7cm,1
More options from $9.37,keepw 2pieces Better Taste With Puck Screen Premium Stainless Steel Sintered Coffee Filters For 51MM+2pcs,1
More options from $9.37,Ruiboury Durable Stylish Comfortable Wear Adjustable Buckles Multiple Sizes white 2.0*40cm 1Set,1
More options from $9.37,Ruiboury Durable Stylish Comfortable Wear Adjustable Buckles Multiple Sizes red 2.0*40cm 3Set,1
More options from $9.37,Ruiboury Durable Stylish Comfortable Wear Adjustable Buckles Multiple Sizes red 1.5*30cm 1Set,1
More options from $9.37,Ruiboury Durable Stylish Comfortable Wear Adjustable Buckles Multiple Sizes coffee 1.5*37cm 1Set,1
More options from $9.37,Ruiboury Durable Stylish Comfortable Wear Adjustable Buckles Multiple Sizes coffee 1.5*30cm 5Set,1
More options from $9.37,Ruiboury Durable Stylish Comfortable Wear Adjustable Buckles Multiple Sizes coffee 1.5*30cm 1Set,1
More options from $9.37,Ruiboury Durable Stylish Comfortable Wear Adjustable Buckles Multiple Sizes black 2.5*50cm 5Set,1
More options from $9.37,Coffee Filter Stainless Steel Portafilter Mesh Screen 150¦Ìm Distribution Tool 150¦Ìm Multi-layer Pressurized Filtering Accessory for Household Hotel 54mm,1
More options from $9.38,Wweixi 100Pcs/Lot Teabags Lightweight Non-woven Fabrics Cooking Scented Tea Bags Loose Strainer Drawstring Herb Pouch TYPE7 100pcs 15x20cm,1
More options from $9.38,Wweixi 100Pcs/Lot Teabags Lightweight Non-woven Fabrics Cooking Scented Tea Bags Loose Strainer Drawstring Herb Pouch TYPE5 100pcs 8x10cm,1
More options from $9.38,Wweixi 100Pcs/Lot Teabags Lightweight Non-woven Fabrics Cooking Scented Tea Bags Loose Strainer Drawstring Herb Pouch TYPE4 100pcs 7x9cm,1
More options from $9.39,Detachable Safe For Families And Coffee Shops l 1000ml,1
More options from $9.41,100pcs Non-woven Fabric Tea Bags Food Grade Tea Filter Bags for Spice Tea Infuser with String Heal Seal Spice Filters Teabags 100pcs 8 x 12cm,1
More options from $9.41,100pcs Non-woven Fabric Tea Bags Food Grade Tea Filter Bags for Spice Tea Infuser with String Heal Seal Spice Filters Teabags 100pcs 6 x 8cm,1
More options from $9.41,100pcs Non-woven Fabric Tea Bags Food Grade Tea Filter Bags for Spice Tea Infuser with String Heal Seal Spice Filters Teabags 100pcs 5 x 7cm,1
More options from $9.41,100pcs Non-woven Fabric Tea Bags Food Grade Tea Filter Bags for Spice Tea Infuser with String Heal Seal Spice Filters Teabags 100pcs 25x30cm,1
More options from $9.41,100pcs Non-woven Fabric Tea Bags Food Grade Tea Filter Bags for Spice Tea Infuser with String Heal Seal Spice Filters Teabags 100pcs 20x30cm,1
More options from $9.41,100pcs Non-woven Fabric Tea Bags Food Grade Tea Filter Bags for Spice Tea Infuser with String Heal Seal Spice Filters Teabags 100pcs 20x25cm,1
More options from $9.41,100pcs Non-woven Fabric Tea Bags Food Grade Tea Filter Bags for Spice Tea Infuser with String Heal Seal Spice Filters Teabags 100pcs 18x20cm,1
More options from $9.41,100pcs Non-woven Fabric Tea Bags Food Grade Tea Filter Bags for Spice Tea Infuser with String Heal Seal Spice Filters Teabags 100pcs 12 x 16cm,1
More options from $9.41,100pcs Non-woven Fabric Tea Bags Food Grade Tea Filter Bags for Spice Tea Infuser with String Heal Seal Spice Filters Teabags 100pcs 10 x 12cm,1
More options from $9.42,Langgg 100Pcs/Lot Teabags Lightweight Empty Square Cooking Spice Scented Tea Bags with Seal Filter Paper Natural Drawstring Herb Pouch 100pcs 5x7cm,1
More options from $9.42,Fufafayo 1.3l 304 r¨¦servoir de filtre ¨¤ huile en acier inoxydable accueil grande capacit¨¦ cuisine filtre ¨¤ huile r¨¦servoir de stockage moins de 5 $?conomisez jusqu'¨¤ 90%,1
More options from $9.45,For Families And Coffee Shops Coffee Mesh Filter,1
More options from $9.47,pitrice 100Pcs/Lot Teabags Lightweight Empty Square Cooking Spice Scented Tea Bags with Seal Filter Paper Natural Drawstring Herb Pouch 100pcs 7x9cm,1
More options from $9.47,pitrice 100Pcs/Lot Teabags Lightweight Empty Square Cooking Spice Scented Tea Bags with Seal Filter Paper Natural Drawstring Herb Pouch 100pcs 6x8cm,1
More options from $9.47,pitrice 100Pcs/Lot Teabags Lightweight Empty Square Cooking Spice Scented Tea Bags with Seal Filter Paper Natural Drawstring Herb Pouch 100pcs 5.5x7cm,1
More options from $9.47,15x20cm,1
More options from $9.49,24PCS Cute Cartoon Puppy Figures Doll Xmas Vacation Stocking Stuffer Gifts,1
More options from $9.50,Diameter 58.5mm / 2.3in,1
More options from $9.51,Gold Foil Leaf Festival Cake Dessert Home Bakery Candy Pastry Candy Flakes Bakery Bar Food Dishes Tea Drink Decoration DIY Craft Gold,1
More options from $9.51,Gold Foil Leaf Festival Cake Dessert Flakes Gold Pastry Cream Cupcake Candy Flakes Bakery Bar Food Dishes Tea Drink Decoration DIY Craft Copper,1
More options from $9.51,15x20cm,1
More options from $9.56,Unatoiry Coffee Filter Screen Filter Mesh Professional Machine Accessories Coffee for 58.5mm 2mm Thick 3Set,1
More options from $9.56,Unatoiry Coffee Filter Screen Filter Mesh Professional Machine Accessories Coffee for 58.5mm 1mm Thick 3Set,1
More options from $9.56,Unatoiry Coffee Filter Screen Filter Mesh Professional Machine Accessories Coffee for 53.5mm 2mm Thick 3Set,1
More options from $9.56,Unatoiry Coffee Filter Screen Filter Mesh Professional Machine Accessories Coffee for 53.5mm 2mm Thick 2Set,1
More options from $9.56,Unatoiry Coffee Filter Screen Filter Mesh Professional Machine Accessories Coffee for 51mm 1mm Thick 1Set,1
More options from $9.56,Garosa 5Pcs 304 Stainless Steel Coffee Filter Portable Detachable Coffee Pot Mesh Filter Accessory,1
More options from $9.59,Washable Coffee Filter with Wood Handle Coffee Filter for 100mm,1
More options from $9.62,facefd Premium Tea Filters Hanging for Most Mug Kettle Sealed Thread Connection oval,1
More options from $9.67,Wweixi 100Pcs/Lot Teabags Lightweight Non-woven Fabrics Cooking Scented Tea Bags Loose Strainer Drawstring Herb Pouch TYPE7 100pcs 15x20cm,1
More options from $9.67,Wweixi 100Pcs/Lot Teabags Lightweight Non-woven Fabrics Cooking Scented Tea Bags Loose Strainer Drawstring Herb Pouch TYPE5 100pcs 8x10cm,1
More options from $9.67,Wweixi 100Pcs/Lot Teabags Lightweight Non-woven Fabrics Cooking Scented Tea Bags Loose Strainer Drawstring Herb Pouch TYPE4 100pcs 7x9cm,1
More options from $9.68,ziyahi 100Pcs/Lot Teabags Lightweight Empty Square Cooking Spice Scented Tea Bags with Seal Filter Paper Natural Drawstring Herb Pouch 100pcs 7x9cm,1
More options from $9.68,ziyahi 100Pcs/Lot Teabags Lightweight Empty Square Cooking Spice Scented Tea Bags with Seal Filter Paper Natural Drawstring Herb Pouch 100pcs 5.5x7cm,1
More options from $9.68,Transemion Gold Foil Leaf Festival Cake Chocolates Dessert Muffins Flakes Portable Bakery Food Dishes Coffee Decoration DIY Silver 5Set,1
More options from $9.68,Transemion Gold Foil Leaf Festival Cake Chocolates Dessert Muffins Flakes Portable Bakery Food Dishes Coffee Decoration DIY Silver 1Set,1
More options from $9.68,HEVIRGO Cake Painting Pen 12 Colors Food Grade Ink Markers Pigment Pen Brush Accessories Edible Food Pen Cake Decoration DIY Baking Baking Supplies,1
More options from $9.68,100Pcs/Lot Teabags Lightweight Empty Square Cooking Spice Scented Tea Bags with Seal Filter Paper Natural Drawstring Herb Pouch 100pcs 6x8cm,1
More options from $9.68,100Pcs/Lot Teabags Lightweight Empty Square Cooking Spice Scented Tea Bags with Seal Filter Paper Natural Drawstring Herb Pouch 100pcs 5x7cm,1
More options from $9.69,58.5mm / 2.3in,1
More options from $9.71,braveheart 100pcs Bag with String Seal Pouch Loose Infuser Pocket Disposable As Shown 3Set,1
More options from $9.71,braveheart 100pcs Bag with String Seal Pouch Loose Infuser Pocket Disposable As Shown 1Set,1
More options from $9.72,Qiopertar Sac ¨¤ th¨¦ lapin mignon de P?ques suspendu sac ¨¤ th¨¦ fixe sac ¨¤ th¨¦ fixe tasse ¨¤ th¨¦ d¨¦coration murale lapin diff¨¦renciateur Clearing livraison gratuite,1
More options from $9.75,50/100pcs Christmas Cookie Hot Seal Bags For Nougat Candy Biscuit Packaging,1
More options from $9.87,5Pcs 304 Stainless Steel Coffee Filter Portable Detachable Coffee Pot Mesh Filter Accessory,1
More options from $9.90,keepw Silver Sturdy And Durable Stainless Steel Flour Shaker For Long-lasting Performance Wide Application no handle 2Set,1
More options from $9.90,keepw Silver Sturdy And Durable Stainless Steel Flour Shaker For Long-lasting Performance Wide Application no handle 1Set,1
More options from $9.90,facefd 100Pcs/Lot Teabags Lightweight Empty Square Cooking Spice Scented Tea Bags with Seal Filter Paper Natural Drawstring Herb Pouch 100pcs 8x10cm,1
More options from $9.90,facefd 100Pcs/Lot Teabags Lightweight Empty Square Cooking Spice Scented Tea Bags with Seal Filter Paper Natural Drawstring Herb Pouch 100pcs 6x8cm,1
More options from $9.90,Mistaha Coffee Capsules Cup Refillable Reusable Coffee Filters with Enlarge Mesh Strainer Large Inlet Replacement for Keurig 2.0 and 1.0,1
More options from $9.90,Mistaha Coffee Capsules Cup Refillable Reusable Coffee Filters Enlarge Mesh Strainer Large Inlet with Brush & Spoon Replacement for Keurig 2.0 and 1.0 8-Pack,1
More options from $9.90,1pc Patella Protective Support Strap Knee Shock Absorption Adjustable Belt Breathable Pressured Protector for Men,1
More options from $9.93,Gold Foil Leaf Festival Cake Dessert Home Bakery Candy Pastry Candy Flakes Bakery Bar Food Dishes Tea Drink Decoration DIY Craft Gold,1
More options from $9.93,Gold Foil Leaf Festival Cake Dessert Flakes Gold Pastry Cream Cupcake Candy Flakes Bakery Bar Food Dishes Tea Drink Decoration DIY Craft Copper,1
More options from $9.97,1.8-16kg,1
More options from $9.99,yuksok 50Pcs Coffee Filter Paper Basket Filters Paper for Coffee Machine S S,1
More options from $9.99,yuksok 100 Pieces Coffee Filter Replacement Part Papere Coffee Strainer Portable Basket 58mm,1
More options from $9.99,Yellow,1
More options from $9.99,Writer Decorator Pens - Brown,1
More options from $9.99,Silver_58mm,1
More options from $9.99,Silver_54mm,1
More options from $9.99,S SERENABLE Thai Tea Filter Bag Coffee Tea Infuser Strainer Cotton Cloth Zipper M,1
More options from $9.99,Rose Gold_51mm,1
More options from $9.99,Replacements Filters Mesh Coffee Machine Filter for 5Pcs,1
More options from $9.99,Qiopertar Clearance 65% Off Popsicle Holders Bags Reusable Washable Ice Popsicle Holders 10pc Great gifts for less Savings,1
More options from $9.99,Peggybuy Coffee Filter Mesh Coffee Making Puck Screen for Espresso Machine (58mm),1
More options from $9.99,Kttectoa Wal-mart Deals Advent Calendar 2023 Christmas DIY Pendan Bracelet Countdown Calendar For Girls 24 Days Xmas Countdown Calendar DIY Jewelry Making Kit Gift 22 Pendan Beads Deals on household s,1
More options from $9.99,Fufafayo Deals of The Day Popsicle Holders Bags Reusable Washable Ice Popsicle Holders 10pc,1
More options from $9.99,Easter Eggs Painting Drawing Writing - Black,1
More options from $9.99,DOLITY 100 Pieces Coffee Replacement Part Papere Coffee Strainer Portable Basket 51mm,1
More options from $9.99,Black_58mm,1
More options from $9.99,Black_51mm,1
More options from $9.99,AmlESO 50Pcs Coffee Filter Paper Basket Filters Paper for Coffee Machine S S,1
More options from $9.99,Abbracc Reusable Handmade Cloth Coffee with Wooden Handle Hand Drip Coffee 100mm,1
More options from $91.81,16-48pcs/set Pop Little Suckers Assembled Sucker Suction Cup Educational Building Block Toy Gi&boy Kids Gifts Fun Game,1
More options from 10?,DIY 4 Homemade Ice Cream Chocolate Candy With 20 Wooden Sticks,1
More options from 49?,Stainless steel Akmoler,2
More options from 79?,Qiopertar Liquidation Une bouteille de brosse ¨¤ huile avec bouteille brosse ¨¤ huile Offres pour moins de 5 $cette semaine,1
More options from 99?,pimelu lollipop DIY chocolate cake decoration Up to 45% off Clearance,1
More options from 99?,ZZwxWA Up to 50% Off Men's Fashion Printed Top With Long Sleeved Round Neck Printed Top Shirt Hooded Sweatshirts,1
More options from 99?,ZZkhGo Up to 50% Off Plastic Fencing PVC Gardening White Hedge Fence Decorative Patio Garden Project,1
More options from 99?,ZZkhGo Today Discount Plastic Fencing PVC Gardening White Hedge Fence Decorative Patio Garden Project,1
More options from 99?,ZZkhGo Reduced Price Plastic Fencing PVC Gardening White Hedge Fence Decorative Patio Garden Project,1
More options from 99?,ZZkhGo Clearance Sales Plastic Fencing PVC Gardening White Hedge Fence Decorative Patio Garden Project,1
More options from 99?,Qiopertar Accueil Floating scratch Mesh bags machine ¨¤ laver sac de filtre ¨¤ linge moins de 5 $?conomisez jusqu'¨¤ 90% Clearing livraison gratuite,1
Moresh,207ml,1
Moresh,1l,1
Mori-Nu,340g,2
Morinaga,58g,4
Morinaga,100g,4
Morinaga,90g,3
Morinaga Seika,Morinaga Seika Ice cream Bar Cafe au Lait Flavour,1
Morinaga Seika,Morinaga Seika Ice Cream Bar PariPari Bar,1
Morinaga Seika,Morinaga Seika Ice Cream Bar Pakiciel,1
Morris,170g,2
Mortimers,284g,2
Mother,500g,7
Mother,170g,1
Mother,0.5kg,1
Mother Hen,6x59ml,3
Mother Parkers,Pack of 100,1
Mother Raw,242ml,6
Mother Raw,43ml,4
Mother Raw,242 Millilitre,3
Mother Raw,242g,2
Mother's Magic,4.54kg,2
Mother's Magic,2kg,2
Mother's Magic,Mother's Magic Momos Spinach & Corn 20X350G,1
Mother's Magic,Mother's Magic Momos Mushroom 20X350G,1
Mother's Magic,Fine,1
Mother's Recipe,Mother's Recipe Mango Pickle Hot,1
Mother's Recipe,Flattened Rice,1
Mothers,500g,6
Mothers Magic,Pistachio Kulfi,1
Mothers Magic,Original Ice cream,1
Mothers Magic,Mothers Magic Momos Paneer 20X350G,1
Mothers Magic,Mother's Magic Momos Mix Veg 20X350G,1
Mothers Magic,Alphonso Mango Kulfi,1
Motola,670g,5
Motola,560g,2
Motola,672g,1
Mott's,1.89l,15
Mott's,1.89?l,7
Mott's,945ml,6
Mott's,620ml,6
Mott's,226g,6
Mott's,1.89 Litre,6
Mott's,907g,5
Mott's,6x111.0g,5
Mott's,2.54l,5
Mott's,6x111g,4
Mott's,6 Each,4
Mott's,104ml,4
Mott's,200g,3
Mott's,190g,3
Mott's,739ml,2
Mott's,6x113g,2
Mott's,1l,2
Mott's,113g,2
Mott's,1 Litre,2
Mott's,Mott¡¯s Fruitsations Juice Ice Bars Family Pack - 32 x 40ml,1
Mott's,MOTTS FRU PCH MED,1
Mott's,Berry +Veggie10 Each,1
Mott's,Assorted Fruit + Veggie10 Each,1
Mott's,6x213ml,1
Mott's,458ml,1
Mott's,213ml Cans6 Each,1
Mott's,2.54?l,1
Mott's,12x40ml,1
Mott's Clamato,1.89l,6
Mott's Clamato,1.89l,2
Mott's Clamato,2.54l,1
Mott's Fruitsations,6 x 113g,5
Mott's Fruitsations,907g,2
Mott's Fruitsations,620ml,2
Mott's Fruitsations,226g,2
Mott's Fruitsations,666g,1
Mott's Fruitsations,6 x 104ml,1
Mott's Fruitsations,12 x 40ml,1
Mott's Mr & Mrs T,1l,2
Mott's Mr & Mrs T,MMT STRAWBERRY,1
Mott's Mr & Mrs T,MMT MARGARITA,1
Motts,6 Each,2
Motts,Value Pack907g,1
Motts,907g,1
Motts,666g,1
Motts,213ml Cans6 Each,1
Motts,213 Millilitre,1
Motts,",Value Pack.40 Each",1
Motts,",Value Pack.1 Each",1
Mountain Dew,12x355ml,6
Mountain Dew,591ml,4
Mountain Dew,12x355.0ml,4
Mountain Dew,2l,3
Mountain Dew,6x710ml,2
Mountain Dew,355ml,2
Mountain Dew,2?l,2
Mountain Dew,6x710.0ml,1
Mountain Dew,473ml,1
Mountain dew,591 Millilitre,1
Mountain dew,12 Each,1
Mowi,Klemtu Spirit Hot Smoked Canadian Atlantic Salmon Portion,1
Mowi,113g,1
Moyers,320g,1
Mozzarella,Shredded175g,1
Mpk,Raised Without Antibiotics750g,1
Mr & Mrs T,1?l,2
Mr Brown,240ml,6
Mr Freeze,2016ml,3
Mr Freeze,60x150.0ml,2
Mr Freeze,80 Each,1
Mr Freeze,1600ml,1
Mr Goudas,2kg,20
Mr Goudas,355ml,4
Mr Goudas,540ml,3
Mr Goudas,8kg,2
Mr Goudas,1kg,2
Mr Goudas,1.81kg,2
Mr Goudas,1.1kg,2
Mr Goudas,500ml,1
Mr Goudas,444ml,1
Mr Goudas,400ml,1
Mr Goudas,340g,1
Mr Goudas,300ml,1
Mr Goudas,300g,1
Mr Goudas,200g,1
Mr Goudas,142g,1
Mr Goudas,1.802kg,1
Mr Kipling,165g,3
Mr Noodle,115g,3
Mr Noodle,Fully Cooked340g,1
Mr Noodles,85g,17
Mr Noodles,64g,9
Mr Noodles,110g,6
Mr Noodles,86g,4
Mr Noodles,12x85.0g,4
Mr Noodles,115g,2
Mr. Brown,MR. BROWN ICED COFFEE,1
Mr. Brown,MR. BROWN ICED CAPPUCCINO,1
Mr. Brown,MR. BROWN ICED BLUE MOUNTAIN,1
Mr. Brownie,12x200.0g,4
Mr. Cookies,150g,4
Mr. Cookies,350g,2
Mr. Cookies,325g,2
Mr. Cookies,300g,1
Mr. Freeze,Mr. Freeze Jumbo lite - 27 x 150ml,1
Mr. Freeze,80x20ml,1
Mr. Freeze,80 x 20ml,1
Mr. Freeze,60 x 150ml,1
Mr. Freeze,48 x 42ml,1
Mr. Freeze,27x150ml,1
Mr. Freeze,27 x 150ml,1
Mr. Garden,750ml,4
Mr. Goudas,E-AMIRA MG TABLE SALT,1
Mr. Kipling,165 g total,4
Mr. Noodles,85g,19
Mr. Noodles,64g,17
Mr. Noodles,110g,9
Mr. Noodles,24 Each,3
Mr. Noodles,86g,2
Mr. Noodles,425g,2
Mr. Noodles,400g,2
Mr. Noodles,340g,2
Mr. Noodles,Beef & Vegetable24 Each,1
Mr. Noodles,300g,1
Mr. Noodles,200g,1
Mr. Noodles,115g,1
Mr. Popcorn,200g,1
Mr. Pretzels,600g,1
Mr. Pretzels,300g,1
Mr.Freeze,,1
Mr.Garden,1.7l,1
Mr.Gouda's,2 lb,1
Mr.Goudas,MG TAMARIND PASTE??,1
Mr.Goudas,MG SUNFlOWER OIl,1
Mr.Goudas,MG PARBOIL RICE 8KG,1
Mr.Goudas,MG LEMON JUICE,1
Mr.Goudas,E-AMIRA MG SWT CNDNSD WHTNR,1
Mr.Sub,375ml,2
Mrakovic,560g,4
Mrakovic,678g,2
Mrakovic,1.68kg,2
Mrakovic,600g,1
Mrakovic,1700g,1
Mrakovic,1100g,1
Mrakovic,1.1kg,1
Mrs Adlers,680g,1
Mrs Butter-Worth's,710 Millilitre,2
Mrs Crimble's,220g,1
Mrs Crimble's,190g,1
Mrs Dash,70g,12
Mrs Dunster's,464 g total,2
Mrs Dunster's,Choc Crunch Nuggets,1
Mrs H.S.Balls,375ml,2
Mrs J's Natural,636ml,2
Mrs Tilly's,150g,1
Mrs adler s,680g,2
Mrs. Cubbison's,99g,1
Mrs. Dash,Mrs. Dash Original Sesn Blend,1
Mrs. Dash,Mrs. Dash Garlic & Herb Blend,1
Mrs. Fields,Mrs. Field's White Macademia Nut Cookies,1
Mrs. Fields,Mrs. Field's Chocolate Chip Cookies,1
Mrs. Meyer's Clean Day,370ml,1
Mrs. Renfro's,473ml,4
Mrs.Cubbison's,142g,2
Mrs.Cubbison's,99g,1
Mrs.Renfro's,473ml,1
Mt Athos,100g,1
Mucci Farms,283g,1
Mueloliva,1l,1
Muesli,Bulk100g,2
Muffinmax,223 g / 6 muffin bars,1
Mug,2?l,2
Mug,2l,2
Mug,12x355ml,2
Mug,12x355.0ml,2
Mug,355ml,1
Mug,2 Litre,1
Mug,12 Each,1
Muir Glen,796ml,8
Muir Glen,796 Millilitre,1
Muldoon's,400g,2
Munch Real,283g,9
Munch Real,397g,4
Munch Real,454g,1
Munch Real,395g,1
Munch Real,340g,1
Munch Real,1000g,1
Munchee,200g,4
Munchee,170g,2
Munchie Mix,250g,2
Munchie Mix,415g,1
Munchies,140g,5
Munchies,245g,4
Munchies,200g,4
Munchies,250g,3
Munchies,70g,2
Munchies,415g,2
Munchies,250GM,2
Munchies,245 g.,2
Munchies,200 g.,2
Munchies,140 g.,2
Munchies,Tangy Ketchup200g,1
Munchies,Supreme Sour Cream & Onion245g,1
Munchies,Chili Cheese245g,1
Munchies,Cheeky Cheddar140g,1
Munchies,Barbeque200g,1
Munchies,415 GM,1
Munchies Nuts,82GM,3
Munchies Nuts,70GM,1
Munchos,130g,5
Muntons P.L.C.,Premium Range Blonde | Light and Refreshing Lager-Style Beer (1.5 kg | 3.3 Lb),1
Muscle MLK,414ml,2
Mushrooms,1 Pound,2
Mushrooms,84g,1
Mushrooms,100g,1
Muskoka,454g,9
Muskoka,220g,6
Muskoka,250ml,3
Muskoka,6x473.0ml,2
Muskoka,473ml,2
Muskoka,400g,2
Muskoka,230g,2
Muskoka,147ml,1
Muskoka Brewery,4x355.0ml,2
Muskoka Roastery Coffee Co,454g,2
Muskoka Springs,4x355.0ml,3
Mutti,398ml,12
Mutti,660ml,9
Mutti,688ml,4
Mutti,400g,4
Mutti,156ml,4
Mutti,796ml,3
Mutti,540ml,2
Mutti,Mutti Polpa,1
Mutti,Mutti Pelati,1
Mutti,Mutti Passata,1
Mutti,Mutti Concentrato,1
Mutti,800g,1
Mutti,700g,1
Mutti,680ml,1
Mutti,156 Millilitre,1
My Butcher,Chicken700 Millilitre,1
My Butcher,Beef700 Millilitre,1
My Butcher,700ml,1
My Cooking Box,PIZZA KIT 932g - 2 pizzas,1
My Cooking Box,PASTA KIT 699g 2/4 servings,1
My Cooking Box,PASTA KIT 467g 2/3 servings,1
My Cooking Box,MCB LASAGNA W/ VEG RAGU,1
My Cooking Box,MCB ITALIAN PIZZA KIT,1
My Cooking Box,MCB FUSILLI W/ TRUFFLE,1
My Cooking Box,LASAGNA KIT 520g 2/4 servings,1
My Country,113.5g,1
My Little Chickpea,225g,2
My Little Chickpea,300g,1
Mystique,454g,3
Mystique,300g,3
M¨¨re Michel,375g,4
M¨¨re Michel,190g,3
M¨¨re Michel,,2
M¨¨re Michel,800g,1
M¨¦rite,100g,1
M¨¹sli-Land,500g,2
M¨¹slix,450g,1
N/A,1 Each,1
NABOB,340g,5
NABOB,30 Pods,3
NABOB,915g,2
NABOB,930g,1
NABOB,102g,1
NANAK,Traditional Indian dessert,1
NANAK,Nanak Paneer,1
NANAK,Nanak Foods Fresh Paneer,1
NANAK,Clarified Butter. Source of Energy,1
NANAK,Bite Size appetizers,1
NANAK,A traditional tasty snack,1
NANAK,45 pieces,1
NANAK,3 Kg,1
NANAK,12 pieces,1
NANUK,M - Salmon Coho FP Cold Smoked Sliced KPY,1
NANUK,L - Salmon Coho FP Cold Smoked Sliced KPY,1
NARABB,NARABB DIY Conjoined Ice Cream Silica Gel ice Cream,1
NATHAN'S,1l,3
NATUR-A,E-NATURA MINI VANILLA,1
NATURAL SELECT,Perfect Every Time?,3
NATURE SLIM,NATURE-SM TEA REGUALAR 30 BAGS,1
NATURE SLIM,NATURE-SM TEA EXTRA STRENGTH,1
NATURE'S NUT,340g,1
NERDS,nerds Gummy Clusters Berry,1
NERDS,Nerds Candy Corn,1
NERDS,Nerds Big Chewy Nerds,1
NERDS,NERDS GUMMY CLUSTERS RAINBOW,1
NERDS,NERDS GUMMY CLUSTERS,1
NERDS,Big Chewy Nerds Original,1
NERDS,170gr,1
NERDS,170g,1
NERDS,142g,1
NESCAF?,100 GR,9
NESCAF?,18 x 19 G,3
NESCAF?,100g,3
NESCAF?,8 x 18 G,2
NESCAF?,351g,2
NESCAF?,200g,2
NESCAF?,144g,2
NESCAF?,TBD,1
NESCAF?,NESCAFE Sweet & Creamy Iced Original Instant Coffee Mix 16 x 16g,1
NESCAF?,E-NESCAFE NESCAFE GLD SMOOTH,1
NESCAF?,95g,1
NESCAF?,8 x 14 G,1
NESCAF?,7 x 14 g Sachets,1
NESCAF?,475g,1
NESCAF?,475 GR,1
NESCAF?,470ml,1
NESCAF?,250 GR,1
NESCAF?,240g,1
NESCAF?,170g,1
NESCAF?,170 GR,1
NESCAF?,160g,1
NESCAF?,16 x 16g,1
NESCAF?,148g,1
NESTEA,12 x 341ml,3
NESTEA,500ml,2
NESTEA,1.89 xl,2
NESTEA,NESTEA Lemon 1.75L Gable Top,1
NESTEA,715 GR,1
NESTEA,295ml,1
NESTEA,200 xml,1
NESTEA,2.2 KG,1
NESTEA,12x500ml,1
NESTEA,1.75 xl,1
NESTL? AERO,9 x 7.3g,2
NESTL? AERO,97g,1
NESTL? AERO,4 x 42g,1
NESTL? AERO,4 x 41 G,1
NESTL? AERO,135g,1
NESTL? AERO,135 GR,1
NESTL? AERO,105g,1
NEW TREASURE,E-NEW TREASURE NT LG WHITE RICE,1
NEWYORK,New York Pretzels 588g,1
NHL,50g,1
NIZELUK,NIZELUK Clearance Household ice cream DIY mixed color conjoined popsicle with lid Fall Savings Clearance Sales Today Deals Prime,1
NIZELUK,NIZELUK Clearance Home Made Ice Cream Set Box For Making Ice Cream Ice Cream Ice Cream Children's Ice Cream Stick Ice Cream Stick Fall Savings Clearance Sales Today Deals Prime,1
NL Eggs,12 Large Eggs,2
NL Eggs,Newfoundland Eggs Extra Large Brown Eggs,1
NL Eggs,12 Medium Eggs,1
NL Eggs,12 Extra Large Eggs,1
NOBRAND,Waterproof compartment combination seasoning can with four compartments and lid household kitchen seasoning rectangular seasoning box.,1
NOBRAND,Seasoning box household kitchen integrated multi-grid seasoning box salt MSG seasoning storage box condiment seasoning jar salt jar,1
NOLA Baking Co.,400g,4
NONG SHIM,86g,3
NONG SHIM,120g,3
NONG SHIM,75g,2
NONGSHIM,90g,1
NONGSHIM CANADA INC.,Family Pack,11
NONGSHIM CANADA INC.,Microwavable,9
NONGSHIM CANADA INC.,Noodle Soup,8
NONGSHIM CANADA INC.,Bowl Noodle Soup,2
NONGSHIM CANADA INC.,75g,2
NONGSHIM CANADA INC.,45g,2
NONGSHIM CANADA INC.,Vegan,1
NONGSHIM CANADA INC.,Ramyun Noodles,1
NONGSHIM CANADA INC.,Premium Family Pack,1
NONGSHIM CANADA INC.,NS SHIN RAMYUN RED (4PK),1
NONGSHIM CANADA INC.,Family Package Noodles Soup,1
NONGSHIM CANADA INC.,Cup Noodle Soup,1
NONGSHIM CANADA INC.,Air Dried Noodle Soup,1
NONGSHIM CANADA INC.,86g,1
NONGSHIM CANADA INC.,400g,1
NONGSHIM CANADA INC.,4 x 130g,1
NONGSHIM CANADA INC.,101g,1
NONGSHIM CANADA iNC.,Family Pack,1
NOREF,Cute Feeding Bottle,1
NOS,473ml,4
NOS,473 Millilitre,1
NOVA,White Potatoes 5lb,1
NOVA,Nova White Eggs 30 Pack Medium,1
NOVA,Nova Ultra White Eggs,1
NOVA,Nova Medium White Eggs,1
NOVA,Nova Free Run Large Eggs,1
NOW Foods,NOW Foods - NOW Solutions Pure Fractionated Liquid Coconut Oil - 16 fl. oz.,1
NOW Foods,NOW Foods - NOW Solutions 100% Pure Moisturizing Avocado Oil - 16 fl. oz.,1
NSA Werthers,60g,1
Naam,350 Millilitre,1
Nabob,340g,13
Nabob,292g,5
Nabob,30un,3
Nabob,14un,3
Nabob,12un,3
Nabob,930g,2
Nabob,915g,2
Nabob,8un,2
Nabob,28un,1
Nafsika's garden,200g,2
Nagano,750g,2
Nagano,250g,1
Nagano,1un,1
Nagano,1 per tray,1
Nagaraya,160g,2
Nai,473ml,4
Nairn,160g,6
Nairn,150g,1
Nairn's,160g,4
Nairn's,200g,2
Nairn's,150g,2
Nairn's,250g,1
Nairn's,225g,1
Nairns,200g,1
Naittoop,Naittoop Kitchen Summer Savings 4 Or 2 Compartments Seasoning Jar Compartment Multifunctional Seasoning Can Of Spices Household Seasoning Combination Set Spice Can Of Spices Get A Spoon.,1
Naittoop,Naittoop Kitchen Summer Savings 4 Compartments Seasoning Jar Compartment Multifunctional Seasoning Can Of Spices Household Seasoning Combination Set Spice Can Of Spices Get A Spoon.,1
Naittoop,Fruit Food Candy Stand For Christmas,1
Najjar,450g,4
Nakano,355ml,2
Nakano,355 Millilitre,2
Nakd,700g,3
Nakd Bars,Gluten-free snack bars,2
Nakd Bars,NAKD COCOA DELIGHT,1
Nakd Bars,NAKD BERRY DELIGHT,1
Nakd Bars,Gluten free snack bars,1
Naked,450 Millilitre,2
Naked & Saucy,250 Millilitre,4
Naked & Saucy,296 Millilitre,2
Naked & Saucy,296ml,1
Naked Coconuts,296ml,6
Naked Coconuts,250ml,1
Naked Juice,450ml,3
Naked Juice,1.36 L Bottle,3
Naked&Sauce,296ml,1
Nana Pops,3x80ml,3
Nanak,850g,8
Nanak,400g,6
Nanak,600g,3
Nanak,341g,3
Nanak,800g,2
Nanak,720g,2
Nanak,640g,2
Nanak,454g,2
Nanak,225g,2
Nanak,1.6kg,2
Nanak,750g,1
Nanak,1ea,1
Nanak,1.25kg,1
Nando's,250ml,13
Nando's,450ml,8
Nando's,250 Millilitre,4
Nando's,490ml,2
Nando's,NANDOS PERINAISE HOT,1
Nando's,NANDOS PERI-PERI GARLIC,1
Nando's,540ml,1
Nandos,450 Millilitre,3
Nanny Hudson's,375ml,2
Nanuk,85g,3
Nanuk,170g,3
Nanuk,140g,2
Nanuk,70g,1
Nanuk,454g,1
Nanuk,300g,1
Nanuk,225g,1
Nanuk,200g,1
Naoki,Assorted value pack 30 pcs,1
Naoki sushi,9 pieces,2
Naoki sushi,12 pieces,2
Naoki sushi,Sushi 47 pieces,1
Napa Valley Naturals,750ml,1
Napa Valley Naturals,375ml,1
Napakasarap,908g,1
Napoli,542g,1
Napoli,510g,1
Napoli,502g,1
Nasoya,Tofu,2
Nasoya,Nasoya Organic Tofu Firm,1
Nasoya,397g,1
Nat kosher,227g,4
Nat kosher,170g,2
Nat kosher,340g,1
Nat kosher,1.36kg,1
Natera,227g,1
Nathan,750ml,1
Nathan,500g,1
Nathan,1.125l,1
Nathans,750ml,3
Nathans,1l,3
National,50g,3
National,45g,2
National,capturing the,1
National,NAT TIKKA MASALA,1
National,NAT TANDOORI MASALA,1
National,NAT QUORMA MASALA,1
National,NAT PUNJABI CHANA,1
National,NAT MUTTON BIRYANI,1
National,NAT KARAHI GOSHT,1
National,NAT CHICKEN BIRYANI,1
National,NAT BUTTER CHICKEN,1
National,NAT BOMBAY BIRYANI,1
National,E-NO BRAND FRESHVEG MIXED PICKLE,1
National,E-NO BRAND FRESHVEG MANGO PICKLE,1
National,E-INDIAN NAT FISH FRIED,1
National,E-INDIAN NAT BUTTER CHICKEN,1
National,800g,1
Native,1kg,2
Natracare,12ea,6
Natracare,20ea,4
Natracare,16ea,4
Natracare,10ea,4
Natracare,30ea,3
Natracare,14ea,1
Natracare,10 pack,1
Natrel,2l,43
Natrel,1l,24
Natrel,4l,19
Natrel,473ml,14
Natrel,250g,6
Natrel,2?l,5
Natrel,6 x 35ml,4
Natrel,6x35ml,3
Natrel,100x15ml,2
Natrel,E-NATREl NAT PlS VAN 2% 2l,1
Natrel,6 x 200ml,1
Natrel,454g,1
Natrel,400g,1
Natrel,210ml,1
Natrel,210 Millilitre,1
Natrel,1?l,1
Natrel,100g,1
Natur,500g,5
Natur,946ml,1
Natur Source,Weekend Tamari550g,1
Natur Source,So Smart550g,1
Natur Source,Natural100g,1
Natur-a,946ml,1
Natur-a,946 Millilitre,1
NaturSource,550g,2
NaturSource,500g,2
NaturSource,450g,1
Natura,946ml,26
Natura,3x200ml,5
Natura,3x200.0ml,3
Natura,1.89?l,2
Natura,946 Millilitre,1
Natura,40ea,1
Natura,1ea,1
Natura Foods,946ml,3
Natural & Kosher,170g,7
Natural & Kosher,255g,1
Natural & Kosher,168g,1
Natural & Kosher,142g,1
Natural Bakery,900g,1
Natural Bakery,500g,1
Natural Cabana,591ml,6
Natural Calm,226g,4
Natural Calm,120ea,1
Natural Calm,113g,1
Natural Delights,340g,2
Natural Delights,Pitted340g,1
Natural Delights,Medjool Dates - Fresh340g,1
Natural Delights,Coconut340g,1
Natural Delights,Cacao Pecans284g,1
Natural Delights,Almond340g,1
Natural Delights,907g,1
Natural Delights,2 Pound,1
Natural Honey Farms,750g,2
Nature,60g,2
Nature,50g,2
Nature Valley,210g,1
Nature Valley,130g,1
Nature Clean,740ml,11
Nature Clean,1l,8
Nature Clean,500ml,6
Nature Clean,432g,6
Nature Clean,3l,6
Nature Clean,32ea,5
Nature Clean,300ml,4
Nature Clean,1.5l,3
Nature Clean,99g,2
Nature Clean,60ea,2
Nature Clean,415ml,2
Nature Clean,250ml,2
Nature Clean,1ea,2
Nature Clean,1.8l,2
Nature Clean,8ea,1
Nature Clean,700g,1
Nature Clean,180g,1
Nature Sauvage,125g,1
Nature Valley,210g,47
Nature Valley,175g,31
Nature Valley,230g,16
Nature Valley,980g,14
Nature Valley,130g,13
Nature Valley,525g,12
Nature Valley,132g,11
Nature Valley,690g,9
Nature Valley,192g,7
Nature Valley,1.28kg,7
Nature Valley,148g,6
Nature Valley,5 bars,5
Nature Valley,5 Each,5
Nature Valley,310g,4
Nature Valley,190g,4
Nature Valley,10 bars,4
Nature Valley,728g,3
Nature Valley,6 Each,3
Nature Valley,311g,3
Nature Valley,160g,3
Nature Valley,Fruit & Nut Value Pack980g,2
Nature Valley,481g,2
Nature Valley,4 bars,2
Nature Valley,4 Each,2
Nature Valley,error,1
Nature Valley,Variety Pack980g,1
Nature Valley,Variety Pack28 Each,1
Nature Valley,Trail Mix Fruit & Nut5 Each,1
Nature Valley,Trail Mix Fruit & Nut175g,1
Nature Valley,Trail Mix Coconut Dark Chocolate5 Each,1
Nature Valley,Trail Mix Coconut Dark Chocolate160g,1
Nature Valley,Special Edition5 Each,1
Nature Valley,Special Edition130g,1
Nature Valley,Salted Caramel Chocolate flavour6 Each,1
Nature Valley,Salted Caramel Chocolate flavour210g,1
Nature Valley,Roasted Mixed Nut6 Each,1
Nature Valley,Roasted Mixed Nut210g,1
Nature Valley,Roasted Almond123g,1
Nature Valley,Roasted Almond10 Each,1
Nature Valley,Pecan Crunch6 Each,1
Nature Valley,Pecan Crunch210g,1
Nature Valley,Peanut6 Each,1
Nature Valley,Peanut210g,1
Nature Valley,Peanut Value Pack980g,1
Nature Valley,Pack of 6 Bags6 Each,1
Nature Valley,Oats 'n' Honey Family Pack690g,1
Nature Valley,Oats 'n' Honey Family Pack15 Each,1
Nature Valley,Oats 'n' Dark Chocolate210g,1
Nature Valley,Oats 'n' Dark Chocolate10 Each,1
Nature Valley,Oats 'N' Honey10 Each,1
Nature Valley,Oats 'N' Honey Value Pack56 Each,1
Nature Valley,Oats 'N' Honey Value Pack1.28kg,1
Nature Valley,Fruit & Nut Value Pack28 Each,1
Nature Valley,Double Chocolate. 28 Pack728g,1
Nature Valley,Double Chocolate. 28 Pack28 Each,1
Nature Valley,Dark Chocolate Nut6 Each,1
Nature Valley,Dark Chocolate Nut210g,1
Nature Valley,Blueberry5 Each,1
Nature Valley,Apple Crisp10 Each,1
Nature Valley,Apple Cinnamon5 Each,1
Nature Valley,Almond6 Each,1
Nature Valley,Almond210g,1
Nature Valley,850g,1
Nature Valley,15 Each,1
Nature Valley,",5 Each ,175g.5 Each",1
Nature Valley,",5 Each ,175g.175g",1
Nature Valley,",15 Bars.15 Each",1
Nature Valley,",15 Bars.1 Each",1
Nature's Bakery,340g,10
Nature's Bakery,270g,2
Nature's Bakery,Raspberry6 Each,1
Nature's Bakery,Blueberrry6 Each,1
Nature's Bakery,6x57g,1
Nature's Best,800g,9
Nature's Best,170g,9
Nature's Best,400g,7
Nature's Best,227g,6
Nature's Bounty,90ea,2
Nature's Classic,454g,2
Nature's Harmony,30ea,1
Nature's Nut,Smooth Natural Almond Butter,1
Nature's Nuts,500g,7
Nature's Nuts,350g,2
Nature's Nuts,454g,1
Nature's Nuts,400g,1
Nature's Path,325g,25
Nature's Path,300g,23
Nature's Path,750g,15
Nature's Path,210g,15
Nature's Path,907g,12
Nature's Path,312g,9
Nature's Path,284g,9
Nature's Path,6 Each,7
Nature's Path,700g,6
Nature's Path,675g,6
Nature's Path,228g,6
Nature's Path,400g,5
Nature's Path,225g,5
Nature's Path,8x50g,4
Nature's Path,825g,4
Nature's Path,650g,4
Nature's Path,375g,4
Nature's Path,350g,4
Nature's Path,1kg,4
Nature's Path,170g,4
Nature's Path,800g,3
Nature's Path,8 Each,3
Nature's Path,725g,3
Nature's Path,680g,3
Nature's Path,320g,2
Nature's Path,312G,2
Nature's Path,whole grain puffs,1
Nature's Path,Pumpkin Flax Granola,1
Nature's Path,Organic dark chocolate and shredded coconut,1
Nature's Path,NP Heritage Flakes Eco,1
Nature's Path,NP Crispy Rice Cereal,1
Nature's Path,Mesa Sunrise Eco,1
Nature's Path,Love Crunch Red Berries,1
Nature's Path,Honeyd Corn Flakes Eco,1
Nature's Path,Gorilla Munch 650G,1
Nature's Path,Gluten Free Crunchy Vanilla,1
Nature's Path,Envirokidz Panda Puffs,1
Nature's Path,Envirokidz Leapin' Lemurs,1
Nature's Path,Cereal - 300g,1
Nature's Path,907G,1
Nature's Path,8x40g,1
Nature's Path,850g,1
Nature's Path,825G,1
Nature's Path,510g,1
Nature's Path,320G (8 Packets),1
Nature's Pride,Nature's Pride Butter,1
Nature's Way,60ea,12
Nature's Way,100ea,5
Nature's Way,500ml,4
Nature's Way,30ea,4
Nature's Way,120ml,3
Nature's Way,90ea,2
Nature's Way,200ml,2
Nature's Way,120ea,2
Nature's Way,180ea,1
Nature's Way,150ml,1
Naturegg,190g (2 quiches),3
Naturegg,500g,2
Naturegg,Naturegg Omega Plus Large White Eggs,1
Naturegg,Naturegg Nestlaid Large Eggs,1
Naturegg,Naturegg Medium Organic Eggs,1
Naturegg,Naturegg Large Omega 3 Nestlaid Eggs,1
Naturegg,Naturegg Large Free Run Omega-3 Eggs,1
Naturegg,6 medium eggs (264g),1
Naturegg,500ml,1
Naturegg,24un,1
Naturegg,2 Each,1
Naturegg Simply Egg Whites,Naturegg Simply Egg Whites? Free Run Burnbrae Farms,1
Naturegg Simply Egg Whites,500g,1
Natures Bakery,Original Fig57g,1
Natures Classic,454g microwavable,1
Natures Classic,454g - Microwavable,1
Natures Flair,330g,4
Natures Flair,336g,2
Natures Nuts,Nut & Seed Butter,1
Natures Own,1.89l,2
Naturiste,16un,3
Naturiste,250g,1
Naturiste,170g,1
Naturoney,750g,2
Naturoney,NATURONEY ORGANIC HONEY,1
Natursource,500g,18
Natursource,550g,6
Natursource,575g,5
Natursource,600g,4
Natursource,Premium100g,2
Natursource,Bulk100g,2
Natursource,625g,2
Natursource,Pack of 6 Bags6 Each,1
Natursource,Original625g,1
Natursource,Maple600g,1
Natursource,124g,1
Natursource,100g,1
Navitas Organics,Navitas Organics - Organic Freeze Dried Powder Acai - 4 oz.,1
Naya,4l,1
Naya,12x500ml,1
Neal Brothers,410ml,7
Neal Brothers,350ml,5
Neal Brothers,680ml,3
Neal Brothers,300g,3
Neal Brothers,276g,2
Neal Brothers Foods,680ml,8
Neal Brothers Foods,410ml,8
Neal Brothers Foods,300g,7
Neal Brothers Foods,276g,4
Neal Brothers Foods,255g,2
Neal Brothers Foods,310g,1
Neale's Sweet and Nice,500ml,12
Neale's Sweet'n Nice,500ml,5
Near East,284g,1
Near East,191g,1
Near East,172g,1
Near East,164g,1
Near East,161g,1
Near East,149g,1
NearEast,191g,2
NearEast,283g,1
NearEast,161g,1
NearEast,149g,1
Neilson,1l,47
Neilson,2l,38
Neilson,4l,28
Neilson,473ml,14
Neilson,310ml,12
Neilson,237ml,7
Neilson,1.89l,5
Neilson,12 x 310ml,3
Neilson,946ml,2
Neilson,750ml,2
Neilson,180g,2
Neilson,160x9.0ml,2
Neilson,Neilson Trutaste Lactose Free 1% Milk,1
Neilson,Neilson Trutaste 2% Lactose Free Milk,1
Neilson,Neilson TruTaste Lactose Free 3.25% Homogenized Milk,1
Neilson,Neilson Mr. Big Chocolate Milkshake,1
Neilson,Neilson 2% Protein 18g Beverage,1
Neilson,Island Gold Prestige 18 Pack Large White Eggs,1
Neilson,Island Gold Jumbo Organic Eggs,1
Neilson,500 g / carton,1
Neilson,4 Each,1
Neilson,30 eggs / tray,1
Neilson,100g,1
Neilson's,310ml,2
Neptune,335g,1
Neptune,200g,1
Nerds,142g,3
Nerds,170g,2
Nerds,Net weight: 46.7g,1
Nerds,Nerds Rope 26g,1
Nerds,50g,1
Nerds,226g,1
Nerpy's,148ml,2
Nerpy's,250ml,1
Nescafe,100g,34
Nescafe,351g,8
Nescafe,95g,6
Nescafe,8 Each,4
Nescafe,477g,3
Nescafe,475g,3
Nescafe,170g,3
Nescafe,16 Each,3
Nescafe,144g,3
Nescafe,90g,2
Nescafe,591 Millilitre,2
Nescafe,270g,2
Nescafe,250g,2
Nescafe,240g,2
Nescafe,200g,2
Nescafe,160g,2
Nescafe,150g,2
Nescafe,148g,2
Nescafe,112g,2
Nescafe,101.5g,2
Nescafe,1 Litre,2
Nescafe,Orginal100g,1
Nescafe,6 Each,1
Nescafe,2 Litre,1
Nescaf¨¦,100g,14
Nescaf¨¦,30un,4
Nescaf¨¦,95g,3
Nescaf¨¦,18un,3
Nescaf¨¦,16un,3
Nescaf¨¦,90g,1
Nescaf¨¦,8x18g,1
Nescaf¨¦,8x18.5g,1
Nescaf¨¦,8x14g,1
Nescaf¨¦,7un,1
Nescaf¨¦,475g,1
Nescaf¨¦,250g,1
Nescaf¨¦,200g,1
Nescaf¨¦,170g,1
Nescaf¨¦,160g,1
Nescaf¨¦,10un,1
Nesfruta,52 Millilitre,4
Nesfruta,12 Each,2
Nesfruta,6 Each,1
Nesquik,510ml,4
Nesquik,540g,2
Nesquik,1.4l,2
Nesquik,0.5l,2
Nesquik,700ml,1
Nesquik,600g,1
Nesquik,368g,1
Nesquik,340g,1
Nesquik,0.7l,1
Nestea,12x341.0ml,6
Nestea,500ml,5
Nestea,12x341ml,4
Nestea,12 Each,4
Nestea,10x200.0ml,4
Nestea,715g,3
Nestea,295ml,3
Nestea,1.89l,3
Nestea,500 Millilitre,2
Nestea,2kg,2
Nestea,20x341.0ml,2
Nestea,10x200ml,2
Nestea,1.89?l,2
Nestea,1.75l,2
Nestea,Zero Sugar500 Millilitre,1
Nestea,Naturally Flavoured Raspberry341 Millilitre,1
Nestea,Lemon1.89 Litre,1
Nestea,Ice Tea Lemon52 Millilitre,1
Nestea,591 Millilitre,1
Nestea,341ml,1
Nestea,295 Millilitre,1
Nestea,200 Millilitre,1
Nestea,2 Litre,1
Nestea,10 Each,1
Nestea,1.89 Litre,1
Nestea,1.75?l,1
Nestle,4 Each,7
Nestle,50g,5
Nestle,45g,4
Nestle,42g,4
Nestle,105g,4
Nestle,1.5 Litre,4
Nestle,Bulk100g,3
Nestle,946 Millilitre,3
Nestle,75g,3
Nestle,180g,3
Nestle,91g,2
Nestle,63 Millilitre,2
Nestle,50 Each,2
Nestle,450g,2
Nestle,354 Millilitre,2
Nestle,220g,2
Nestle,170g,2
Nestle,140 Millilitre,2
Nestle,100g,2
Nestle,Pumpkin Spice Latte42g,1
Nestle,Original450g,1
Nestle,Original King Size1kg,1
Nestle,King Size85g,1
Nestle,Assorted8 Each,1
Nestle,Assorted100 Each,1
Nestle,Assorted Scary Friends Shape Chocolates40 Each,1
Nestle,97g,1
Nestle,800g,1
Nestle,80 Millilitre,1
Nestle,73g,1
Nestle,700 Millilitre,1
Nestle,7 Each,1
Nestle,63g,1
Nestle,60g,1
Nestle,600g,1
Nestle,54g,1
Nestle,540g,1
Nestle,51g,1
Nestle,510 Millilitre,1
Nestle,5 Each,1
Nestle,49g,1
Nestle,480 Millilitre,1
Nestle,44g,1
Nestle,41g,1
Nestle,400g,1
Nestle,389g,1
Nestle,275g,1
Nestle,237g,1
Nestle,233g,1
Nestle,203g,1
Nestle,200g,1
Nestle,2% Partly Skimmed Milk354 Millilitre,1
Nestle,199g,1
Nestle,182g,1
Nestle,170 Millilitre,1
Nestle,160g,1
Nestle,142g,1
Nestle,135g,1
Nestle,135 Millilitre,1
Nestle,120g,1
Nestle,112g,1
Nestle,111g,1
Nestl¨¦,946ml,15
Nestl¨¦,200g,14
Nestl¨¦,42g,13
Nestl¨¦,180g,12
Nestl¨¦,120g,12
Nestl¨¦,105g,10
Nestl¨¦,1.5l,10
Nestl¨¦,510ml,9
Nestl¨¦,473ml,9
Nestl¨¦,41g,9
Nestl¨¦,4x140.0ml,8
Nestl¨¦,400g,8
Nestl¨¦,100g,8
Nestl¨¦,45g,7
Nestl¨¦,828ml,6
Nestl¨¦,4x4.0ea,6
Nestl¨¦,450g,6
Nestl¨¦,800g,5
Nestl¨¦,75g,5
Nestl¨¦,50g,5
Nestl¨¦,485g,5
Nestl¨¦,400ml,5
Nestl¨¦,203g,5
Nestl¨¦,160g,5
Nestl¨¦,135g,5
Nestl¨¦,977g,4
Nestl¨¦,90g,4
Nestl¨¦,70g,4
Nestl¨¦,700ml,4
Nestl¨¦,63g,4
Nestl¨¦,540g,4
Nestl¨¦,4x135.0ml,4
Nestl¨¦,368g,4
Nestl¨¦,237g,4
Nestl¨¦,170g,4
Nestl¨¦,112g,4
Nestl¨¦,0.54l,4
Nestl¨¦,99g,3
Nestl¨¦,97g,3
Nestl¨¦,540ml,3
Nestl¨¦,515g,3
Nestl¨¦,4x135ml,3
Nestl¨¦,49g,3
Nestl¨¦,48g,3
Nestl¨¦,450ml,3
Nestl¨¦,378ml,3
Nestl¨¦,350g,3
Nestl¨¦,275g,3
Nestl¨¦,150g,3
Nestl¨¦,142g,3
Nestl¨¦,1.89l,3
Nestl¨¦,1.5 LT,3
Nestl¨¦,Coffee,2
Nestl¨¦,91g,2
Nestl¨¦,900g,2
Nestl¨¦,86g,2
Nestl¨¦,85g,2
Nestl¨¦,73g,2
Nestl¨¦,6x55ml,2
Nestl¨¦,66g,2
Nestl¨¦,63ml,2
Nestl¨¦,5x80ml,2
Nestl¨¦,52ml,2
Nestl¨¦,4x45g,2
Nestl¨¦,4x41g,2
Nestl¨¦,4x125.0ml,2
Nestl¨¦,480ml,2
Nestl¨¦,440ml,2
Nestl¨¦,328g,2
Nestl¨¦,300g,2
Nestl¨¦,295g,2
Nestl¨¦,24x500.0ml,2
Nestl¨¦,1un,2
Nestl¨¦,196g,2
Nestl¨¦,160ea,2
Nestl¨¦,135ml,2
Nestl¨¦,130g,2
Nestl¨¦,10x65ml,2
Nestl¨¦,10x65.0ml,2
Nestl¨¦,10x25g,2
Nestl¨¦,106.2g,2
Nestl¨¦,104g,2
Nestl¨¦,1.4l,2
Nestl¨¦,1.4kg,2
Nestl¨¦,Snacks,1
Nestl¨¦,E-NESTLE TOBLERONE TUB,1
Nestl¨¦,E-COFFEE CRISP CF CRS PS (12X170GR),1
Nestl¨¦,Dark KITKAT (41 g),1
Nestl¨¦,Chocolate bar white chocolate,1
Nestl¨¦,95g,1
Nestl¨¦,87g,1
Nestl¨¦,7x25g,1
Nestl¨¦,6x66ml,1
Nestl¨¦,6x180ml,1
Nestl¨¦,650g,1
Nestl¨¦,60g,1
Nestl¨¦,52g,1
Nestl¨¦,4x52g,1
Nestl¨¦,4x50g,1
Nestl¨¦,4x49g,1
Nestl¨¦,4x42g,1
Nestl¨¦,44g,1
Nestl¨¦,425g,1
Nestl¨¦,40g,1
Nestl¨¦,408g,1
Nestl¨¦,4 x 50 G,1
Nestl¨¦,396ml,1
Nestl¨¦,390g,1
Nestl¨¦,364g,1
Nestl¨¦,364 GR,1
Nestl¨¦,330ml,1
Nestl¨¦,250g,1
Nestl¨¦,210g,1
Nestl¨¦,1l,1
Nestl¨¦,199g,1
Nestl¨¦,190g,1
Nestl¨¦,18x140.0ml,1
Nestl¨¦,182g,1
Nestl¨¦,180 GR,1
Nestl¨¦,145g,1
Nestl¨¦,12x710.0ml,1
Nestl¨¦,12x63ml,1
Nestl¨¦,12x60ml,1
Nestl¨¦,12x500.0ml,1
Nestl¨¦,12x330.0ml,1
Nestl¨¦,12un,1
Nestl¨¦,111g,1
Nestl¨¦,10x50ml,1
Nestl¨¦,10x13g,1
Nestl¨¦,10 x 15g,1
Nestl¨¦ Drumstick,4 x 140ml,3
Nestl¨¦ Drumstick,4 x 130ml,2
Nestl¨¦ Drumstick,560ml,1
Nestl¨¦ Drumstick,4 x 135ml,1
Nestl¨¦ Drumstick,10 x 130ml,1
Neverlosee,7 Portable Bartending Tools Cocktail Mixer Bartender Accessories (350ml),1
New Chapter,60ea,1
New Home Kosher,450g,1
New Treasure,2kg,4
New York,6x588.0g,1
New York Pretzel,588g,1
New York Style,170g,6
New York Style,368g,3
New York Style,227g,2
New York Style,480g,1
New York Style,3x284.0g,1
New Zealand,1kg,6
New Zealand,500g,4
New Zealand,675g,3
New Zealand,350g,3
New Zealand,2.4kg,1
New Zealand Spring Lamb,,4
New Zealand Spring Lamb,1 leg per tray,3
New Zealand Spring Lamb,5 chops per tray,2
New Zealand Spring Lamb,2 chops per tray,2
New Zealand Spring Lamb,8 meatballs per tray,1
New Zealand Spring Lamb,700g,1
New Zealand Spring Lamb,500g,1
New Zealand Spring Lamb,454g,1
New Zealand Spring Lamb,354g,1
New Zealand Spring Lamb,3 per tray,1
New Zealand Spring Lamb,1 shoulder per tray,1
New Zealand Spring Lamb,1 rack per tray,1
New Zealand Spring Lamb,1 lamb leg per tray,1
Newfoundland Eggs,Newfoundland Eggs Medium White Eggs,1
Niasca Portofino,4x250ml,3
Nifty Solutions,White,1
Nin Jiom,150ml,2
Nino D'Aversa Bakery,680g,2
Nino D'Aversa Bakery,675g,2
Nino D'Aversa Bakery,340g,2
Nino D'Aversa Bakery,550g,1
Nino D'Aversa Bakery,1un,1
Nino D'Aversa Bakery,112g,1
Nino D'aversa,680g,7
Nino D'aversa,340g,2
Nino D'aversa,8x75.0g,1
Nino D'aversa,840g,1
Nino D'aversa,6x83.0g,1
Nino D'aversa,660g,1
Nino D'aversa,550g,1
Nino D'aversa,1ea,1
Nissin,500g,7
Nissin,201g,3
Nissin,100g,3
Nissin,72g,2
Nissin,69g,2
Nissin,210g,2
Nissin,197g,2
Nissin,133g,2
Nissin,118g,2
Nissin,100g x 5,2
Nissin,60g,1
Nissin,110g,1
No Name,398ml,65
No Name,200g,59
No Name,400g,58
No Name,540ml,49
No Name,2kg,47
No Name,100g,47
No Name,900g,46
No Name,1kg,46
No Name,500g,42
No Name,750g,40
No Name,284ml,34
No Name,1l,33
No Name,796ml,31
No Name,500ml,24
No Name,450g,24
No Name,150g,22
No Name,320g,21
No Name,454g,20
No Name,907g,19
No Name,375ml,19
No Name,375g,19
No Name,908g,18
No Name,85g,15
No Name,475ml,15
No Name,250ml,15
No Name,700g,14
No Name,510g,14
No Name,340g,14
No Name,227g,14
No Name,300g,13
No Name,250g,13
No Name,142g,13
No Name,946ml,12
No Name,750ml,12
No Name,4l,12
No Name,2l,12
No Name,170g,12
No Name,1.36kg,12
No Name,900ml,10
No Name,680g,10
No Name,3l,10
No Name,283ml,10
No Name,2.5kg,10
No Name,350g,9
No Name,225g,9
No Name,125g,9
No Name,890ml,8
No Name,680ml,8
No Name,350ml,8
No Name,284g,8
No Name,24x120.0ml,8
No Name,230g,8
No Name,175g,8
No Name,10x200.0ml,8
No Name,1.65l,8
No Name,800g,7
No Name,280g,7
No Name,1ea,7
No Name,12ea,7
No Name,925g,6
No Name,8kg,6
No Name,80g,6
No Name,675g,6
No Name,65g,6
No Name,5kg,6
No Name,560g,6
No Name,341ml,6
No Name,30x60.0ml,6
No Name,2.27kg,6
No Name,120g,6
No Name,114g,6
No Name,10kg,6
No Name,100ea,6
No Name,1.36l,6
No Name,30ea,5
No Name,210g,5
No Name,1810g,5
No Name,12 eggs,5
No Name,1.81kg,5
No Name,650g,4
No Name,620ml,4
No Name,450ml,4
No Name,445ml,4
No Name,430ml,4
No Name,420g,4
No Name,410g,4
No Name,3x29.0g,4
No Name,354ml,4
No Name,342g,4
No Name,30x75.0ml,4
No Name,2.3kg,4
No Name,180g,4
No Name,145g,4
No Name,102ea,4
No Name,1.75l,4
No Name,1.25kg,4
No Name,540g,3
No Name,4x107.0ml,3
No Name,336g,3
No Name,213ml,3
No Name,1680g,3
No Name,1.13kg,3
No Name,97g,2
No Name,70g,2
No Name,700ml,2
No Name,6x492.0g,2
No Name,6804g,2
No Name,638g,2
No Name,60g,2
No Name,588g,2
No Name,575g,2
No Name,56g,2
No Name,567g,2
No Name,550ml,2
No Name,528g,2
No Name,510ml,2
No Name,50g,2
No Name,5.5g,2
No Name,4x83.0g,2
No Name,492g,2
No Name,45g,2
No Name,456g,2
No Name,455ml,2
No Name,4540g,2
No Name,411g,2
No Name,40g,2
No Name,400ml,2
No Name,380g,2
No Name,369ml,2
No Name,368g,2
No Name,365g,2
No Name,360g,2
No Name,35g,2
No Name,344g,2
No Name,325g,2
No Name,310g,2
No Name,30g,2
No Name,3.78l,2
No Name,3.63kg,2
No Name,2x83.0g,2
No Name,295ml,2
No Name,28g,2
No Name,275g,2
No Name,247g,2
No Name,2270g,2
No Name,213g,2
No Name,20g,2
No Name,2.72kg,2
No Name,2.25kg,2
No Name,198g,2
No Name,170ml,2
No Name,162g,2
No Name,160g,2
No Name,15g,2
No Name,156ml,2
No Name,156g,2
No Name,152g,2
No Name,12x100.0g,2
No Name,125ml,2
No Name,1130g,2
No Name,110g,2
No Name,106g,2
No Name,105g,2
No Name,100ml,2
No Name,1.8kg,2
No Name,1.5kg,2
No Name,1.113kg,2
No Name,1.02kg,2
No Name,936g,1
No Name,905g,1
No Name,822g,1
No Name,725g,1
No Name,600g,1
No Name,516g,1
No Name,4x123.0g,1
No Name,4kg,1
No Name,473ml,1
No Name,428g,1
No Name,3x28.0g,1
No Name,395g,1
No Name,36g,1
No Name,3.17kg,1
No Name,24x29.0g,1
No Name,24x1980.0g,1
No Name,24g,1
No Name,2.5l,1
No Name,2.1kg,1
No Name,1980g,1
No Name,176g,1
No Name,1740g,1
No Name,16x107.0ml,1
No Name,1660g,1
No Name,12x398.0ml,1
No Name,10x822.0g,1
No Name,1.3kg,1
No Name,$9.90/1kg $4.49/1lb,1
No Name,$8.80/1kg $3.99/1lb,1
No Name,$13.21/1kg $5.99/1lb,1
No Name,$12.10/1kg $5.49/1lb,1
No Sugar,355ml Cans x 4,2
No Sugar,171g,1
No Sugar Company,4x40g,4
No Sugar Company,170g,3
No Sugar Company,40g,2
No Sugar Company,171g,1
No Sugar Company,12x40g,1
No Sugar Keto,10 Each,3
No Sugar Keto,No Salt100g,1
No Yolks,340g,14
No.7,150ml,3
Noah Martin,375g,6
Noah Martin,75g,3
Noah Martin,600g,2
Noah Martin,50g,2
Noah Martin,125g,2
Noba,340g,1
Noble Bean,240g,1
Noel,546ml,2
Noel,455ml,2
Noel,415g,2
Noel,370ml,2
Noel,85g,1
Noel,820ml,1
Noel,794g,1
Noel,709g,1
Noel,6 x 355ml,1
Noel,528g,1
Noel,528.3ml,1
Noel,500g,1
Noel,450g,1
Noel,420g,1
Noel,40g,1
Noel,330ml,1
Noel,319ml,1
Noel,2kg,1
Noel,294g,1
Noel,250g,1
Noel,227g,1
Noel,200ml,1
Noel,1l,1
Noel,1kg,1
Noel,145g,1
Noel,100g,1
Nomz,40g,5
Nong Shim,75g,25
Nong Shim,86g,10
Nong Shim,120g,10
Nong Shim,480g,8
Nong Shim,114g,4
Nong Shim,520g,3
Nong Shim,400g,3
Nong Shim,55g,2
Nong Shim,50g,2
Nong Shim,508g,2
Nong Shim,500g,2
Nong Shim,45g,2
Nong Shim,448g,2
Nong Shim,276g,2
Nong Shim,200g,2
Nong Shim,101g,2
Nong Shim,388g,1
Nong Shim,260g,1
Nongshim,86g,2
Nongshim,75g,2
Nongshim,Shrimp Flavoured Chips 200g,1
Nongshim,Shin Gold F-pk,1
Nongshim,SOON MISO&TOFU,1
Nongshim,SHIN VEGAN,1
Nongshim,POTATO NOODLE SOUP,1
Nongshim,NS Spicy Shrimp bowl,1
Nongshim,NS SHIN RAMYUN RED (4PK),1
Nongshim,NS CHAPAGETTI 4P,1
Nongshim,Kimchi Ramyun F-pk,1
Nongshim,480g,1
Nongshim,120g,1
Nongshim America Inc,75g,1
Nongshim Canada Inc.,Family Pack,1
Nonna Pia's,250 Millilitre,2
Nonna Pia's,250ml,1
Nonna Pia's Gourmet Sauces,250ml,3
Nonna Pia's Gourmet Sauces,500ml,2
Nonna Pias,500 Millilitre,1
Nonna Pias,200g,1
Nonna Pia¡¯s,all non-GMO and gluten-free.Key Information?Traditional Italian Balsamic GlazesNon-GMO and Gluten-FreeNo Added ThickenersMade with Italian Balsamic,1
Nonna Pia¡¯s,Nonna Pia's Organic Apple Cider Vinegar,1
Nonna Pia¡¯s,1 Count,1
Nonni's,345g,1
Noor,4.54kg,2
Noor,800g,1
Noor,4.53kg,1
Nora,45g,1
Nora,32g,1
Nordex,170g,1
Nordex Food,170ml,2
Nordic Ware,Nordic ware Quick Pop,1
Nordica,500g,6
Nordica,750g,4
Nordica,450g,1
Nordica,4 x 113g,1
Norene Gilletz Kitchen,750ml,1
Norene Gilletz Kitchen,1.2kg,1
Norman,150g,19
Norman,170g,12
Norman,907g,7
Norman,113g,3
Norman,100g,3
Norman,680g,2
Norman,448g,2
Norman,142g,2
Norman,99g,1
Norman,94g,1
Norman's,150g,17
Norman's,170g,5
Norman's,Taste,3
Norman's,907g,3
Norman's,Wholemilk pouches,2
Norman's,142g,2
Norman's,Yogurt Strawberry,1
Norman's,Yogurt,1
Norman's,Vanilla M&M,1
Norman's,Vanilla Low Fat Yogurt,1
Norman's,Strawberry,1
Norman's,Pro+ Vanilla,1
Norman's,Pro+ Strawberry,1
Norman's,Normans Greek Creamy Blends 2% Strawberry,1
Norman's,Normans Greek 2%,1
Norman's,Norman's Greek 2 % Vanilla Lavender Creamy Blends,1
Norman's,Norman Greek NONFAT yogurt Vanilla,1
Norman's,NF Vanilla,1
Norman's,NF Strawberry,1
Norman's,NF Plain,1
Norman's,Low Fat Yogurt,1
Norman's,Low Fat Vanilla yogurt,1
Norman's,Greek yogurt,1
Norman's,Greek Pro+ Superfruit,1
Norman's,Greek Light yogurt Vanilla,1
Norman's,Greek Light yogurt Coffee,1
Norman's,Greek Light yogurt,1
Norman's,GREEK LIGHT,1
Norman's,Cream Cheese,1
Norman's,Choco-granola,1
Norman's,908g,1
Norman's,2% Vanilla,1
Norman's,2% Strawberry,1
Norref,1ea,1
North American Hemp Co.,1l,3
North American Hemp Co.,142ml,3
North American Hemp Co.,50ml,2
North Coast Naturals,250g,3
North Coast Naturals,946ml,1
North Coast Naturals,473ml,1
North Coast Naturals,1000g,1
Norther Glacier,1 Each,1
Northern Glacier,200g,3
Northern Glacier,340g,2
Northern Glacier,454g,1
Northern Glacier,312g,1
Northfork Bison,224g,2
Northumberland,1l,3
Northumberland,2l,1
Nossack,360g,3
Nossack,250g,2
Nossack,230g,1
Nostra Gourmet Foods,850g,4
Not Guilty,750 Millilitre,1
NotCo,340g,3
NotCo,266g,2
NotCo,170g,2
NotCo,85g,1
NotCo,452g,1
NotCo,443ml,1
NotCo,4 Each,1
NotMilk,946 Millilitre,1
Notre Dame,170g,1
Nowka,796ml,1
Nrmrqz,Nrmrq for indoor/Outdoor Silica Gel Tea Bag Tea Filter Silica Gel Tea Filter,1
Nrmrqz,Nrmrq Deals Silica Gel Tea Bag Tea Filter Silica Gel Tea Filter,1
Nrmrqz,Nrmrq Clearance Items Silica Gel Tea Bag Tea Filter Silica Gel Tea Filter,1
Nu Life,90ea,1
Nu Life,60ea,1
Nu Life,30ea,1
Nu Life,215g,1
NuGo,50g,5
NuGo,45g,2
NuPak,8kg,1
NuPak,2kg,1
NuPasta,210g,8
NuTerra Granola,400g,1
Nuba,750ml,1
Nud Fud,66g,1
Nugabar,5 Each,2
Nugabar,175g,2
Nugabar,124g,1
Numi,18un,6
Numi,18ea,6
Numi,12un,1
Nupak,900g,21
Nupak,2kg,7
Nupak,8kg,4
Nupak,540ml,2
Nupak,450g,2
Nupak,1.82kg,1
Nupasta,210g,1
Nurishh,200g,2
Nurishh,160g,2
Nuscobio,400g,2
Nutella,375g,5
Nutella,52g,4
Nutella,330g,4
Nutella,276g,4
Nutella,22g,4
Nutella,1kg,4
Nutella,132g,4
Nutella,725g,3
Nutella,2x725.0g,2
Nutella,208g,2
Nutella,Pack of 4,1
Nutella,Pack of 20 Cookies,1
Nutella,Crunchy wafer with NUTELLA,1
Nutella,725g x 2,1
Nutella,725g Jar725g,1
Nutella,725g Jar,1
Nutella,6 Each,1
Nutella,4x52g,1
Nutella,1kg Jar1kg,1
Nutella,15x22g,1
Nutiva,860ml,5
Nutiva,473ml,3
Nutiva,444ml,3
Nutiva,425g,3
Nutiva,414ml,3
Nutiva,Organic Virgin1.6 Litre,1
Nutiva,No cholesterol & Made from fresh coconuts 444ml,1
Nutiva,MCT Oil 355ml,1
Nutiva,946ml,1
Nutiva,444 Millilitre,1
Nutiva,1.6l,1
Nutra-Fruit,80g,1
Nutra-Fruit,400g,1
Nutra-Fruit,225g,1
Nutra-Fruit,120g,1
NutraPhase,528g,2
NutraPhase,42g,2
NutraSea,60ea,3
NutraSea,30ea,2
NutraSea,150ea,2
NutraSea,500ml,1
NutraSea,200ml,1
NutraSea,120ea,1
NutraSea,100ea,1
NutraVege,200ml,4
Nutrament,325ml,2
Nutratea,30g,1
Nutratea,20g,1
Nutrela,NUTRELA SOYA GRANULES,1
Nutrella,220g,2
Nutri,Nutri White Eggs 30 Pack Medium,1
Nutri,Nutri Ultra White Eggs 12,1
Nutri,Nutri Organic Large Eggs,1
Nutri,Nutri Omega-3 Large White Eggs,1
Nutri,Nutri Omega 3 Large White Eggs,1
Nutri,Nutri Free Run Omega-3 Large Eggs,1
Nutri,Nutri Free Run Large White Eggs 18,1
Nutri,Nutri Free Run Large Eggs,1
Nutri,18 Count,1
Nutri,12 count,1
Nutri Free,600g,2
Nutrilait,2l,3
Nutrilait,1l,2
Nutrilait,Nutrilait 3.25% Lactose Free Homogenized Milk,1
Nutrilait,Nutrilait 2% Lactose Free Milk,1
Nutrilait,Nutrilait 1% Lactose Free Milk,1
Nutrinor,2l,4
Nutrinor,quail,1
Nutrinor,Made with Nordic milk,1
Nutrinor,4L whole milk,1
Nutrinor,4L partly skimmed,1
Nutrinor,473ml made with Nordic milk,1
Nutrinor,1L WHOLE MILK,1
Nuts,100g,3
Nuts,Sea Salt & Black Pepper100g,1
Nuts,Organic Halves & PiecesBulk100g,1
Nuts,227g,1
Nuts for Butter,227g,2
Nuts for Cheese,120g,9
Nuts for Cheese,210g,3
Nuts to You,500g,15
Nuts to You,365g,13
Nuts to You,250g,4
Nuts to You Nut Butter,365g,5
Nuts to You Nut Butter,500g,4
Nuts to You Nut Butter,250g,1
Nuun,10ea,5
Nuun,12ea,2
Nuvel,800g,1
Nuworld,2 Pound,1
Nyakers,150g,4
N¨¹gabar,175g,4
O Food,300g,3
O Food,500g,2
O Food,215g,2
O Olive Oil,300ml,4
O Sole Mio,275g,3
O Sole Mio,1.65kg,2
O' Tasty,567g,3
O' Tasty,450g,1
O' Tasty,20 oz,1
O'Doughs,6un,2
O'Doughs,6 un - 510g,2
O'Doughs,OD Thins Everything Bagels GF,1
O'Doughs,OD Deluxe Hamburger Bun GF,1
O'Doughs,O'Doughs Bagels Sesame GF,1
O'Doughs,700g,1
O'Doughs,6 un - 300g,1
O'Doughs,6 bagels,1
O'Doughs,405g,1
O'Doughs,4 un - 400g,1
O'Doughs,340g,1
O'Doughs,3 un - 405g,1
O'Doughs,288g,1
O'Doughs,210g,1
O'Fresh,260g,1
O'Fresh,210g,1
O'Fresh,195g,1
O'Fresh,180g,1
O'Hara Sugar Maples,500ml,2
O'Hara Sugar Maples,250ml,2
O'Hara Sugar Maples,375ml,1
O'Hara Sugar Maples,1l,1
O'Mer,120g,1
O'Mer,115g,1
O'Tasty,567g,8
O'Tasty,680g,3
O's,147ml,2
O-Cha,227g,1
O-Live & Co.,1l,1
OASIS FRUITZOO,8x200ml,1
OCEAN JEWEL,280g,1
OCEAN JEWEL,190g,1
ODoughs,300g,10
ODoughs,510g,2
ODoughs,405g,2
ODoughs,340g,2
ODoughs,210g,2
OG,284 Millilitre,1
OG LITE DRSG,OG LITE DRSG OG ITALIAN DRESSING,1
OG LITE DRSG,E-OG LITE DRSG OG RANCH PARM,1
OH HENRY!,Oh Henry! Snack Size 375g,1
OH HENRY!,375g,1
OH HENRY!,200g,1
OH HENRY!,180g,1
OH HENRY!,120g; 8 count,1
OH HENRY!_En,covered in a chocolatey coating.,1
OKA,190g,4
OKF,1.5l,8
OKF,390ml,4
OKF,500ml,2
OKF,1.5 Litre,1
OMG'S Candy,"OMG! S'mores, Choc, S'mores,",1
OMG's,Bulk100g,1
OMG's,100g,1
OMG's Candy,Toffee,2
OMNI,200g,3
OMNI,100g,1
ONE,60g,6
ONE,12x60g,4
ORANGE,Frozen,2
OREO,439g,2
OREO,261g,2
OREO,E-OREO OREO VAR 20PK,1
OREO,303g,1
OREO,200g,1
OREO,150g,1
ORGANIC RUBY,1000ml,1
OTVIAP,53.5mm Round Coffee Filter Plate 304 Stainless Steel Coffee Powder Full Extraction Handheld Lower Shower Filter,1
OUSITAID,OUSITAID Bread Box with Handle Portable Loaf Cake Container Plastic Rectangular Food Storage Keeper Carrier 13inch Translucent Dome for Pastries Bagels Bread Rolls Buns or Baguettes (W,1
OUSITAID,OUSITAID Acetate Cake Collars Acetate Roll Transparent Cake Film Recyclable Cake Sheets DIY Cake Decorating Crafting for Pudding Dessert Chocolate Mousse Cake,1
OUTAD,Reusable For Dolce Gusto Coffee Capsule Cup Filter Coffee Filter Coffee Capsules Reusable Coffee Cup Basket,1
OUTAD,2.2L Portable Size PETG Large Capacity Water Bottle Training Sports Workout Drink Bottle,1
Oak Manor,1 piece,3
Oak Manor,1kg,2
Oak Manor,1.25kg,1
Oakrun,Plain Crumpets,1
Oakrun Farm,6 un - 340g,2
Oakrun Farm,6 un - 284g,1
Oakrun Farm,6 Each,1
Oakrun Farm Bakery,6 un - 284g,1
Oasis,960ml,38
Oasis,1.6l,22
Oasis,8x200.0ml,17
Oasis,1.5l,15
Oasis,8x200ml,12
Oasis,960 Millilitre,6
Oasis,8 x 200ml,6
Oasis,40x200.0ml,2
Oasis,200ml,2
Oasis,8000ml,1
Oasis Health Break,1.6l,3
Oasis Health Break,1.6 Litre,1
Oasis Hydrafruit,8 Each,5
Oasis Hydrafruit,960 Millilitre,4
Oasis Hydrafruit,8 x 200ml,3
Oasis Hydrafruit,960ml,1
Oasis Smoothie,1.6 Litre,2
Oasis Smoothie,1.75 Litre,1
Oat-Ly,946ml,4
Oat-Ly,1.89l,2
OatBox,300g,5
OatBox,280g,3
OatBox,946ml,2
OatBox,640g,2
OatBox,5x24g,1
Oatly,946ml,10
Oatly,1.89l,2
Oatmeal Crisp,423g,2
Oatmeal Crisp,628g,1
Oatmeal Crisp,619g,1
Oatmeal Crisp,570g,1
Oatmeal Crisp,437g,1
Oatmeal Crisp,399g,1
Oatmeal Squares,500g,1
Oatmeal Squares,375g,1
Oats,Bulk100g,5
Oberlander,453g,2
Oberlander,425g,2
Oberlander,Oberlander Party Tray Chanukah 907g,1
Oberlander,907g,1
Oberlander,227g,1
Ocean Choice,320g,1
Ocean Dragon,340g,2
Ocean Dragon,454g,1
Ocean Jewel,640g,4
Ocean Jewel,340g,3
Ocean Jewel,92g,1
Ocean Jewel,500G,1
Ocean Jewel,454g,1
Ocean Jewel,454G,1
Ocean Jewel,400g,1
Ocean Jewel,340G,1
Ocean Jewel,200g,1
Ocean Mist Farms,12un,1
Ocean Pier,360g,2
Ocean Prime,454g,1
Ocean Prime,2.5 lb,1
Ocean Spray,1.89l,56
Ocean Spray,1.77l,13
Ocean Spray,1.89?l,12
Ocean Spray,1.89 Litre,12
Ocean Spray,3l,8
Ocean Spray,348ml,8
Ocean Spray,6x340.0ml,6
Ocean Spray,170g,5
Ocean Spray,1.77 l,5
Ocean Spray,6x295ml,4
Ocean Spray,6x340ml,3
Ocean Spray,6 x 295ml,3
Ocean Spray,3?l,3
Ocean Spray,340g,3
Ocean Spray,6x295.0ml,2
Ocean Spray,680g,2
Ocean Spray,6 Each,2
Ocean Spray,348 Millilitre,2
Ocean Spray,3 Litre,2
Ocean Spray,142g,2
Ocean Spray,1.36kg,2
Ocean Spray,OS Sprk Cran Pink 6pk,1
Ocean Spray,Low Calorie1.89 Litre,1
Ocean Spray,Diet1.89 Litre,1
Ocean Spray,Cran-Tropical Cocktail,1
Ocean Spray,Cran-Pineapple Cocktail1.89 Litre,1
Ocean Spray,946ml,1
Ocean Spray,100g,1
Ocean Spray,1.77 Litre,1
Ocean Wise,300g,1
Ocean's,170g,16
Ocean's,95g,2
Ocean's,3x80g,2
Ocean's,3 Each,2
Ocean's,120g,2
Ocean's,Skipjack Thai Chili85g,1
Ocean's,Skipjack Mayonnaise Style85g,1
Ocean's,Red Quinoa and Sundried Tomatoes160g,1
Ocean's,Pearl Couscous and Chickpeas160g,1
Ocean's,Onion & Celery96g,1
Ocean's,Lemon & Pepper96g,1
Ocean's,160g,1
Ocean's,130g,1
Ocean's,103g,1
Ocean's Halo,170g,9
Ocean's Halo,96g,2
Ocean's Halo,85g,2
Ocean's Halo,230g total,2
Ocean's Halo,103g,2
Ocean's Halo,Wasabi Ranch Salad Dressing,1
Ocean's Halo,Tangy Thai Salad Dressing,1
Ocean's Halo,ORGANIC STICKY RICE,1
Ocean's Halo,OCEAN'S HALO OH ORGANIC KIMCHI,1
Ocean's Halo,Maui Onion Ranch Salad Dressing,1
Ocean's Halo,Ginger Sesame Salad Dressing,1
Ocean's Halo,E-OCEAN'S HALO ORGANIC STICKY RICE,1
Ocean's Halo,E-OCEAN'S HALO OH ORG RICE PAPER,1
Ocean's Halo,Asian Pear Salad Dressing,1
Ocean's Halo,95g,1
Ocean's Halo,28g,1
Ocean's Halo,240g,1
Ocean's Halo,120g,1
Ocean's Treasures,200g,1
Ocean-wise,600g,2
OceanPrime,908g,3
OceanPrime,454g,3
OceanPrime,908 g,1
OceanPrime,113g,1
OceanPrime,1.81kg,1
Oceans,3 Each,1
Octpeak,large Diameter 304 Stainless Steel Coffee Container For Home 1100ml,1
Octpeak,Evenly Extraction Detachable Coffee Filter Basket Stainless Steel For Coffee Filter For Cafe 3 Ears,1
Odense,200g,2
Of Tov,907g,10
Of Tov,Of Tov Chicken Teddy Bites PY 907g,1
Of Tov,Of Tov Chicken Breast Nuggets PY 907g,1
Of Tov,Chicken Teddy Bites PY,1
Of Tov,Chicken Teddy Bites KFP,1
Of Tov,Chicken Licious PY,1
Of Tov,Chicken Dinosaur PY,1
Of Tov,Chicken Dinosaur KFP,1
Of Tov,Chicken Breast Nuggets PY,1
Of Tov,Chicken Breast Nugget KFP,1
Of Tov,175g,1
Off The Eaten Path,177g,4
Off The Eaten Path,177GM,2
Off The Eaten Path,100g,1
Off the Eaten Path,177g,2
Oggi,452g,1
Oggi,450g,1
Oggi Foods,Frozen,1
Oggi Foods_EN,Frozen,1
Oh Henry,375g,1
Oh Henry!,232g,4
Oh Henry!,58g,3
Oh Henry!,200g,3
Oh Henry!,375g,2
Oh Henry!,180g,2
Oh Henry!,OH HENRY NUTTY Candy Bar 52g,1
Oh Henry!,58g OH HENRY! with REESE peanut butter.,1
Oh Henry!,42g,1
Oh Henry!,120g,1
Oh Henry!,104g,1
Oh Ricey,70g,5
Oh Snap,90ml,2
Oh Snap!,90ml,2
Oh! M'ail M'ail,125g,1
Ohh! Foods,Wheat-Free,2
Ohh! Foods,Free From The Top 10 Common Allergens,2
Oi!,250ml,1
Oiamiga,130ml,6
Oikos,4x100.0g,40
Oikos,750g,37
Oikos,650g,32
Oikos,190ml,25
Oikos,4 x 100g,20
Oikos,4 x 100g Greek Yogurt Cups,19
Oikos,4 Each,17
Oikos,4x100g,16
Oikos,4x95.0g,8
Oikos,750g Greek Yogurt Tub,5
Oikos,1.5kg,5
Oikos,650g Greek Yogurt Tub,4
Oikos,4 x 95g Yogurt Snack,4
Oikos,4 x 95g,4
Oikos,4x95g,3
Oikos,Oats& Seeds9g Protein190 Millilitre,2
Oikos,380g,2
Oikos,190 Millilitre,2
Oikos,12x100g,2
Oikos,12x100.0g,2
Oikos,Variety PackRaspberry-Pomegranate / Key Lime / Vanilla / Strawberry BananaBlended 2% M.F.100g,1
Oikos,Plain1.5kg,1
Oikos,Oikos Extra Creamy Strawberry Cheesecake 4x95g,1
Oikos,Oikos Extra Creamy Strawberry Cheesecake,1
Oikos,Oikos Extra Creamy Key Lime 9%,1
Oikos,Blended 2% M.F.,1
Oikos,750g plain yogurt,1
Oikos,2% M.F.4 Each,1
Oikos,190ml Yogurt Drink,1
Oikos,,1
Oishi,95g,2
Oishi,Oishi Prawn Crackers,1
Oishi,90g,1
Oishi,60g,1
Oishi,100g,1
Oka,190g,12
Oka,1 piece,9
Oka,$44.90/1kg $20.37/1lb,4
Oka,$34.90/1kg $15.83/1lb,4
Oka,$29.90/1kg $13.57/1lb,4
Oka,$44.90/1kg,2
Oka,$4.49/100g $20.37/1lb,2
Oka,$31.43/1kg,2
Oka,$3.49/100g $15.83/1lb,2
Oka,$24.23/1kg $10.99/1lb,2
Oka,$2.99/100g $13.57/1lb,2
Oka,$34.90/1kg,1
Oka,$24.01/1kg $10.89/1lb,1
Oka,$22.02/1kg $9.99/1lb,1
Oka,$19.82/1kg $8.99/1lb,1
Okanagan Frozen Dough,630g,1
Okanagan Frozen Dough,530g,1
Okanagan Frozen Dough,480g,1
Okazu,250ml,3
Okazu,125ml,2
Ol'tymes,Oltymes Thick Poha,1
Old Bay,74g,2
Old Croc,198g,2
Old Dutch,235g,22
Old Dutch,200g,14
Old Dutch,235 G,9
Old Dutch,290g,6
Old Dutch,245g,6
Old Dutch,175g,5
Old Dutch,Gluten Free Potato Chips,4
Old Dutch,720g,4
Old Dutch,275g,4
Old Dutch,200 G,4
Old Dutch,400 Millilitre,3
Old Dutch,265g,3
Old Dutch,220g,3
Old Dutch,66g,2
Old Dutch,55g,2
Old Dutch,45x16g,2
Old Dutch,430 Millilitre,2
Old Dutch,425g,2
Old Dutch,295g,2
Old Dutch,280g,2
Old Dutch,275 G,2
Old Dutch,250 G,2
Old Dutch,24 Each,2
Old Dutch,100g,2
Old Dutch,Variety Pack576g,1
Old Dutch,Twin Pack42.5g,1
Old Dutch,Tortilla Chips,1
Old Dutch,Sour Cream & Onion40g,1
Old Dutch,Salt & Vinegar40g,1
Old Dutch,Rip-L Sour Cream & Green Onion40g,1
Old Dutch,Popcorn Snacks,1
Old Dutch,Original40g,1
Old Dutch,Original285g,1
Old Dutch,Original Party Mix,1
Old Dutch,Old Dutch Cheese Pleesers,1
Old Dutch,OD VARIETY PACK,1
Old Dutch,OD Salt & Vinegar 235g,1
Old Dutch,OD ECO BBQ,1
Old Dutch,Ketchup40g,1
Old Dutch,Jalapeno & Cheddar235g,1
Old Dutch,Humpty Dumpty Party Mix 250 G,1
Old Dutch,Humpty Dumpty Original Party M,1
Old Dutch,Humpty Dumpty Cheese Sticks,1
Old Dutch,Extra Ketchup200g,1
Old Dutch,DC Jal & Ched,1
Old Dutch,Corn Snack,1
Old Dutch,Cheese Sticks,1
Old Dutch,Bar-B-Q285g,1
Old Dutch,BBQ40g,1
Old Dutch,Arriba Nacho Cheese45g,1
Old Dutch,720 G,1
Old Dutch,600g,1
Old Dutch,576g,1
Old Dutch,504g,1
Old Dutch,472g,1
Old Dutch,400ml,1
Old Dutch,400g,1
Old Dutch,384g,1
Old Dutch,330 G,1
Old Dutch,320g,1
Old Dutch,300g,1
Old Dutch,30 Each,1
Old Dutch,290 G,1
Old Dutch,285 G,1
Old Dutch,230g,1
Old Dutch,200G,1
Old Dutch,180g,1
Old Dutch,18 Each,1
Old Dutch,16 G,1
Old Dutch,15g,1
Old El Paso,24g,38
Old El Paso,650ml,14
Old El Paso,250g,10
Old El Paso,177g,10
Old El Paso,400g,9
Old El Paso,398ml,8
Old El Paso,243ml,7
Old El Paso,153g,6
Old El Paso,650 Millilitre,5
Old El Paso,351g,5
Old El Paso,330g,5
Old El Paso,250ml,5
Old El Paso,113ml,5
Old El Paso,94g,4
Old El Paso,510g,4
Old El Paso,340g,4
Old El Paso,334g,4
Old El Paso,320g,4
Old El Paso,297g,4
Old El Paso,238g,4
Old El Paso,215g,4
Old El Paso,189g,4
Old El Paso,155g,4
Old El Paso,133g,4
Old El Paso,125g,4
Old El Paso,398 Millilitre,3
Old El Paso,396g,3
Old El Paso,354g,3
Old El Paso,311g,3
Old El Paso,309g,3
Old El Paso,191g,3
Old El Paso,144g,3
Old El Paso,Twin Pack42.5g,2
Old El Paso,8un,2
Old El Paso,375 Millilitre,2
Old El Paso,312g,2
Old El Paso,243 Millilitre,2
Old El Paso,250 Millilitre,1
Old El Paso,200 Millilitre,1
Old El Paso,18 Each,1
Old El Paso,12un,1
Old El Paso,113 Millilitre,1
Old El Paso,110g,1
Old El Paso,10 Each,1
Old Excellent,400g,1
Old Fashioned Maple Crest,GOI F&B - Item Short Description,1
Old Fashioned Maple Crest,1l,1
Old Fisherman,230g,2
Old Jamaica,355ml,2
Old Mill,550g,3
Old Mill,700g,2
Old Mill,855g,1
Old Mill,450g,1
Old Mill,1170g,1
Old Milwaukee,6x473.0ml,2
Old Town,OLD TOWN - WHITE COFFEE - CLASSIC,1
Old Town,OLD TOWN - WHITE COFFEE - 3IN1 HAZELNUT,1
Old Town,570g,1
Old Town,480g,1
Ole,4 Each,2
Ole,355 Millilitre,2
Olina's Bakehouse,140g,1
Olive Garden,473ml,5
Olive Garden,828ml Olive Garden Italian Dressing,1
Olive Garden,437ml,1
Olivellas,1.5l,1
Olives,Stuffed w/Jalpaeno100g,1
Olives,Stuffed w/Garlic100g,1
Olives,PittedStuffed With Feta100g,1
Olivia,$110.21/1kg $50.00/1lb,1
Olivia's,340g,2
Olivia's,255g,1
Olivier's Candies LTD,40g,2
Olivier's Candies LTD,Olivier¡¯s Milk Chocolaty Pretzel Rods,1
Olivieri,700g,12
Olivieri,280g,8
Olivieri,600g,6
Olivieri,300ml,6
Olivieri,540g,5
Olivieri,350g,5
Olivieri,160g,5
Olivieri,600ml,4
Olivieri,500g,4
Olivieri,520g,3
Olivieri,450g,3
Olivieri,300g,3
Olivieri,2 x 250g,3
Olivieri,360g,2
Olivieri,2 x 225g,2
Olivieri,Three Cheese Tortellini Rainbow900g,1
Olivieri,Spinach & Cheese540g,1
Olivieri,Skillet Gnocchi filled with Cheddar and Bacon,1
Olivieri,Ricotta & Spinach600g,1
Olivieri,Prosciutt-Cheese Tort 2x225g,1
Olivieri,Potato sticks 280g,1
Olivieri,Olivieri pesto 160g,1
Olivieri,Olivieri Tomato & Mozzarella Skillet Gnocchi 280g,1
Olivieri,Olivieri Skillet Gnocchi Stix 280g,1
Olivieri,Olivieri Chs Skillet Gnocchi 540g,1
Olivieri,Olivieri Chicken & Bacon Sacchettini Pasta,1
Olivieri,Olivieri Cheese-filled Skillet Gnocchi 280g,1
Olivieri,Olivieri 3 Formaggi Tortellini,1
Olivieri,Oliveri Skillet Gnocchi with Pesto and Mozzarella,1
Olivieri,Oli Spin/Ricotta Cannel 540g,1
Olivieri,Gnocchi - tomato & mozzarella,1
Olivieri,Fresh360g,1
Olivieri,Fresh350g,1
Olivieri,Fresh Ricotta & Spinach300g,1
Olivieri,Classic300g,1
Olivieri,900g,1
Olivieri,300 Millilitre,1
Olivieri,"3 Formaggi Rainbow Tortellini,700g",1
Olivieri,250g,1
Olivieri,1 x 600g,1
Olivieri,1 X 350g,1
Olivina,427g,3
Olymel,375g,10
Olymel,500g,2
Olymel,500 g total,2
Olymel,8 per tray,1
Olymel,400g,1
Olymel,300 g total,1
Olymel,250g,1
Olymel,1kg,1
Olymel,1.79 - 2.11kg,1
Olymel,1.75 - 2.00kg,1
Olymel,1.50 - 1.75kg,1
Olymel,1 per tray,1
Olymel,0.91 - 1.19kg,1
Olympic,650g,59
Olympic,1.75kg,18
Olympic,1.75KG,4
Olympic,500g,2
Olympic,4x190ml,2
Olympic,4 Each,2
Olympic,2lt,2
Olympic,Olympic Organic Yogurt Plain 0%,1
Olympic,Cafe Latte500g,1
Olympic,2 Litre,1
Olympic,1.75 Kg,1
Om,60g,2
Om,75ea,1
Omega Alpha,500ml,2
Omega Alpha,60ea,1
Omega Alpha,180ea,1
Omega Alpha,120ml,1
Omega Nutrition,946ml,1
Omega Nutrition,355ml,1
Omgs,100g,2
Omy! Fresh,454g,3
OnRavioli,454g,4
One Degree,680g,3
One Degree,312g,2
One Degree Organic Foods,282g,1
One Degree Organic Foods,227g,1
One World Foods,375 Grams,1
One World Halal,375g,8
One World Halal,175g,4
One World Halal,1.17kg,3
One World Halal,360g,1
Oneg,135g,4
Oneg,150g,2
Oneg,400g,1
Onions,3 Pound,3
Onions,Unpeeled335g,1
Onions,Medium215g,1
Onions,Large425g,1
Onions,Fresh420g,1
Onions,Fresh400g,1
Onions,Fresh Mesh Bag10 Ounce,1
Onions,BunchFresh1 Each,1
Onions,10 Pound,1
Only Goodness,500g,13
Only Goodness,398 Millilitre,13
Only Goodness,340g,11
Only Goodness,400g,10
Only Goodness,600g,6
Only Goodness,454g,6
Only Goodness,500 Millilitre,5
Only Goodness,20 Each,5
Only Goodness,No Salt Added398 Millilitre,4
Only Goodness,296 Millilitre,4
Only Goodness,No Salt Added540 Millilitre,3
Only Goodness,Gluten Free600g,3
Only Goodness,946 Millilitre,3
Only Goodness,907g,3
Only Goodness,375g,3
Only Goodness,325 Millilitre,3
Only Goodness,226g,3
Only Goodness,100g,3
Only Goodness,Whole Grain Whole Wheat Spaghetti375g,2
Only Goodness,Whole Grain Whole Wheat Lasagne375g,2
Only Goodness,Organic227g,2
Only Goodness,No Salt Added796 Millilitre,2
Only Goodness,860 Millilitre,2
Only Goodness,796 Millilitre,2
Only Goodness,680 Millilitre,2
Only Goodness,50g,2
Only Goodness,453g,2
Only Goodness,325g,2
Only Goodness,2kg,2
Only Goodness,250 Millilitre,2
Only Goodness,200 Millilitre,2
Only Goodness,1kg,2
Only Goodness,140g,2
Only Goodness,12 Each,2
Only Goodness,1.5kg,2
Only Goodness,Yellow Corn300g,1
Only Goodness,Whole Grain Whole Wheat Rotini375g,1
Only Goodness,Unfiltered750 Millilitre,1
Only Goodness,Tomato Basil680 Millilitre,1
Only Goodness,SlicedOrganic227g,1
Only Goodness,PineappleMango and Sliced Bananas600g,1
Only Goodness,Original350 Millilitre,1
Only Goodness,Organic500 Millilitre,1
Only Goodness,No Sugar Added355 Millilitre,1
Only Goodness,No Salt Added680 Millilitre,1
Only Goodness,No Salt Added341 Millilitre,1
Only Goodness,No Salt Added156 Millilitre,1
Only Goodness,MediumOrganic.227g,1
Only Goodness,Marinara680 Millilitre,1
Only Goodness,MangoAcai and Pineapple500g,1
Only Goodness,Large12 Each,1
Only Goodness,Gluten free454g,1
Only Goodness,Gluten Free556g,1
Only Goodness,Gluten Free550g,1
Only Goodness,Gluten Free460g,1
Only Goodness,Gluten Free405g,1
Only Goodness,Gluten Free400g,1
Only Goodness,Date & Nut620g,1
Only Goodness,Chocolate620g,1
Only Goodness,Chocolate Chip Quinoa165g,1
Only Goodness,Chicken946 Millilitre,1
Only Goodness,Blue Corn & Flaxseed300g,1
Only Goodness,Beef946 Millilitre,1
Only Goodness,Aluminum & Gluten Free210g,1
Only Goodness,765g,1
Only Goodness,750g,1
Only Goodness,720g,1
Only Goodness,700g,1
Only Goodness,400 Millilitre,1
Only Goodness,375 Millilitre,1
Only Goodness,370 Millilitre,1
Only Goodness,350 Millilitre,1
Only Goodness,300g,1
Only Goodness,300 Millilitre,1
Only Goodness,300 Each,1
Only Goodness,250g,1
Only Goodness,227g,1
Only Goodness,225g,1
Only Goodness,2 Each,1
Only Goodness,170g,1
Only Goodness,165g,1
Only Goodness,156g,1
Only Goodness,156 Millilitre,1
Only Goodness,147 Millilitre,1
Only Goodness,100 Millilitre,1
Only Goodness,1.65kg,1
Only Goodness,1.36kg,1
Only Goodness,1.24kg,1
Only Goodness,",946 Millilitre",1
Oom¨¦,220g,4
Ooya,250ml | Multiple Flavours,1
Orange Crush,12x355ml,3
Orange Crush,2l,2
Orange Crush,6x710ml,1
Orange Crush,6x222ml,1
Orange Crush,473ml,1
Orange Crush,27 x 150ml,1
Orange Crush,24x355ml,1
Orange Crush,12 x 40ml,1
Orange Naturals,90ea,5
Orange Naturals,15ml,3
Orange Naturals,60ea,2
Orange Naturals,450ml,2
Orange Naturals,30ea,2
Orange Naturals,150g,2
Orange Naturals,270g,1
Orange Naturals,220g,1
Orange Naturals,120ea,1
Orange Naturals,100g,1
Orangina,6x330.0ml,2
Orangina,6x330ml - cans,1
Orbit,18 Each,1
Orchard Choice,227g,1
Oreo,261g,25
Oreo,439g,7
Oreo,270g,7
Oreo,374g,5
Oreo,200g,5
Oreo,685g,4
Oreo,482g,4
Oreo,436g,4
Oreo,353g,4
Oreo,303g,4
Oreo,150g,4
Oreo,440g,3
Oreo,342g,3
Oreo,224g,3
Oreo,1.5l,2
Oreo,Special Edition 303g,1
Oreo,OREO MINI GOLDEN SNAK PAK 150G 12,1
Oreo,No Artificial Colours,1
Oreo,E-OREO OREO VAR 20PK,1
Oreo,Create A Treat Oreo Decorate Your Own Holiday Cookie Kit,1
Oreo,Create A Treat Oreo Build Your Own House Cookie Kit,1
Oreo,5x80ml,1
Oreo,4x125ml,1
Oreo,360ml,1
Oreo,322g,1
Oreo,261?g,1
Oreo,240g,1
Oreo,150 g (6 Pouches),1
Oreo,116g,1
Oreo,113g,1
Oreo,0.5l,1
Organic Baazar,908g,3
Organic Baazar,1500g,1
Organic Fields,1.6l,1
Organic Meadow,1l,13
Organic Meadow,454g,8
Organic Meadow,946ml,6
Organic Meadow,750g,6
Organic Meadow,500ml,6
Organic Meadow,340g,5
Organic Meadow,2l,5
Organic Meadow,168g,4
Organic Meadow,500g,3
Organic Meadow,4l,3
Organic Meadow,4x100.0g,2
Organic Meadow,250g,2
Organic Meadow,Lightly Salted250g,1
Organic Meadow,650g,1
Organic Mushroom Company,85g,1
Organic Mushroom Company,397g,1
Organic Mushroom Company,227g,1
Organic Mushroom Company,170g,1
Organic Traditions,227g,11
Organic Traditions,100g,3
Organic Traditions,150g,2
Organic Traditions,Organic Traditions - Golden Berries - 16 oz.,1
Organic Traditions,Organic Traditions - Dark Chia Seeds - 16 oz.,1
Organic Traditions,454g,1
Organic Traditions,200g,1
Organic Traditions,140g,1
Organic Treo,473ml,6
Organic Treo,473 mm,1
Organically Yours,200g,6
Organically Yours,150g,1
Organically yours,250g,1
Organico Bello,685ml,4
Organics,200g,3
Organics,180g,1
Organika,360g,5
Organika,250g,5
Organika,300g,4
Organika,90g,3
Organika,70g,3
Organika,90ea,2
Organika,60ea,2
Organika,500g,2
Organika,1ea,2
Organika,10ea,2
Organika,| Multiple Sizes,1
Organika,7.5ml,1
Organika,504g,1
Organika,400g,1
Organika,30ml,1
Organika,30g,1
Organika,30ea,1
Organika,280g,1
Organika,250ml,1
Organika,210g,1
Organika,200g,1
Organika,180g,1
Organika,180ea,1
Organika,176g,1
Organika,150g,1
Organika,120ea,1
Organika,100ml,1
Organika,100g,1
Organyc,1ea,3
Organyc,16ea,2
Organyc,20ea,1
Origin Organic,6x355ml,3
Origin Organic,6X355ml,3
Original,180g,1
Original Cakerie,560g,1
Original S¨¦same,3un,3
Orion,160g,2
Orion,370g,1
Orion,160G,1
Oroweat,Pack of 6; 246g,1
Oroweat,Oroweat Organic? 22 Grains & Seeds Bread,1
Oroweat,Oroweat Organic? 100% Whole Grain Bread,1
Oroweat,680g,1
Oroweat,6 Each,1
Oroweat,570g,1
Oroweat,510g,1
Oroweat,246g,1
Ortega,Ortega Mild Taco Sauce 213 grm,1
Ortega,430g,1
Ortega,35g,1
Ortega,226g,1
Orville,6x82.0g,4
Orville,10x82.0g,4
Orville,492g,3
Orville,8x43.0g,2
Orville,850g,2
Orville,6x70.0g,2
Orville,3x82.0g,2
Orville,246g,2
Orville,6x86.0g,1
Orville,385g,1
Orville,2.376kg,1
Orville,1475g,1
Orville,10x70.0g,1
Orville Redenbacher,492g,4
Orville Redenbacher,820g,2
Orville Redenbacher,700g,2
Orville Redenbacher,420g,2
Orville Redenbacher,340g,2
Orville Redenbacher,248g,2
Orville Redenbacher,246g,2
Orville Redenbacher,1.47kg,2
Orville Redenbacher,Sea Salt385g,1
Orville Redenbacher,850g,1
Orville Redenbacher,760g,1
Orville Redenbacher,6 Bags6 Each,1
Orville Redenbacher,456g,1
Orville Redenbacher,385g,1
Orville Redenbacher,220g,1
Orville Redenbacher,150g,1
Orville Redenbacher,100g,1
Orville Redenbacher's,whole grain microwave popcorn with a high source of fibre and gluten free,10
Orville Redenbacher's,Pack of 6 Bags6 Each,5
Orville Redenbacher's,gluten free microwave popcorn with a high source of fibre and 80% less fat*,4
Orville Redenbacher's,gluten free microwave popcorn with a high source of fibre and 50% less fat*,2
Orville Redenbacher's,Pack of 3 Bags3 Each,2
Orville Redenbacher's,Pack of 10 Bags10 Each,2
Orville Redenbacher's,whole grain microwave popcorn with a high source of fiber and gluten free,1
Orville Redenbacher's,whole grain microwave popcorn made with 100% avocado oil and high source of fibre,1
Orville Redenbacher's,whole grain kernel popcorn with a high source of fibre and gluten free,1
Orville Redenbacher's,vegan microwave popcorn that has a high source of fibre and gluten free,1
Orville Redenbacher's,Pack of 8 Mini Bags8 Each,1
Orville Redenbacher's,850g,1
Orville Redenbacher's,150g,1
Orville Redenbacher's,100g,1
Orville Redenbacher's,10 Each,1
Osem,70g,14
Osem,400g,7
Osem,250g,5
Osem,60g,3
Osem,420g,3
Osem,12x35.0g,3
Osem,25g,2
Osem,220g,2
Osem,200g,2
Osem,148.8g,2
Osem,100g,2
Osem,95g,1
Osem,80g,1
Osem,79g,1
Osem,2kg,1
Ottogi,480g,2
Ottogi,4 Each,1
Ottogi,120g,1
Our Finest,340g,17
Our Finest,100g,14
Our Finest,375ml,11
Our Finest,350g,10
Our Finest,907g,8
Our Finest,750g,6
Our Finest,50g,5
Our Finest,500g,5
Our Finest,200g,5
Our Finest,900g,4
Our Finest,645ml,4
Our Finest,4 x 100g,4
Our Finest,540ml,3
Our Finest,400g,3
Our Finest,285g,3
Our Finest,20 tea bags,3
Our Finest,1l,3
Our Finest,114g,3
Our Finest,8 x 142g,2
Our Finest,8 x 128g,2
Our Finest,480g,2
Our Finest,40 g x 20 bags,2
Our Finest,350ml,2
Our Finest,270ml,2
Our Finest,250g,2
Our Finest,2.5l,2
Our Finest,1kg,2
Our Finest,1.54l,2
Our Finest,Pack of 12,1
Our Finest,Our Finest Tiramisu Cake,1
Our Finest,Our Finest Strawberries & Creme Cake,1
Our Finest,Our Finest Omega-3 Large White Eggs,1
Our Finest,Our Finest Crispy Tempura Shrimp,1
Our Finest,Our Finest Chocolate Mousse Cake,1
Our Finest,Our Finest Carrot Bar Cake,1
Our Finest,Our Finest Breaded Coconut Shrimp,1
Our Finest,Our Finest Breaded Butterfly Shrimp,1
Our Finest,750G,1
Our Finest,730 G,1
Our Finest,720g,1
Our Finest,550g,1
Our Finest,527g,1
Our Finest,5 assorted flavours,1
Our Finest,455g,1
Our Finest,450g,1
Our Finest,40 g x 20 Bags,1
Our Finest,375g,1
Our Finest,370g,1
Our Finest,365g,1
Our Finest,320g,1
Our Finest,32 g x 20 bags,1
Our Finest,310g,1
Our Finest,300ml,1
Our Finest,300g,1
Our Finest,30 K-Cup? pods,1
Our Finest,30 Cups,1
Our Finest,276g,1
Our Finest,270g,1
Our Finest,265g,1
Our Finest,264g,1
Our Finest,250 g (6 varieties),1
Our Finest,240g,1
Our Finest,2.94 - 4.30kg,1
Our Finest,175g,1
Our Finest,150g,1
Our Finest,12 K-Cup? pods,1
Our Finest,1.92 - 2.60kg,1
Our Finest,1.13KG,1
Our Finest,1.02KG,1
Our Finest,1.00 - 1.49kg,1
Out of stock,Sold in singles,30
Out of stock,Sold in bunches,14
Out of stock,2 lb,14
Out of stock,0.13 - 0.18kg,10
Out of stock,1 lb,6
Out of stock,3 lb Bag,5
Out of stock,225g,5
Out of stock,2 lb Bag,5
Out of stock,1 EA,5
Out of stock,Pack of 3,4
Out of stock,340g,4
Out of stock,0.12 - 0.24kg,4
Out of stock,595g,3
Out of stock,350g,3
Out of stock,300g,3
Out of stock,3 oz,3
Out of stock,3 lb,3
Out of stock,170g,3
Out of stock,1 lb Bag,3
Out of stock,1 Tray,3
Out of stock,0.40 - 1.00kg,3
Out of stock,Pack of 4,2
Out of stock,FLAVOURED SANDWICH BISCUITS,2
Out of stock,6 oz,2
Out of stock,525g,2
Out of stock,330g,2
Out of stock,3 lb bag,2
Out of stock,2lb,2
Out of stock,2l,2
Out of stock,10 oz,2
Out of stock,10 lb Bag,2
Out of stock,10 lb,2
Out of stock,1.5l,2
Out of stock,0.63 - 1.00kg,2
Out of stock,0.25 - 0.26kg,2
Out of stock,0.11 - 0.14kg,2
Out of stock,in 4 pieces,1
Out of stock,colours may vary,1
Out of stock,average 11 lb,1
Out of stock,Yellow,1
Out of stock,Whole leeks,1
Out of stock,Unity Cake,1
Out of stock,Turmeric,1
Out of stock,Tray of 2,1
Out of stock,The French Oven Peanut Free Two Layer Chocolate and Vanilla Cookie and Creme Cake,1
Out of stock,Sweet Middles Sprinkle Sandwich Cookies,1
Out of stock,Sweet Middles Oatmeal Raisin Crisp,1
Out of stock,Sweet Middles Chocolate Souffle,1
Out of stock,Sunset Flavor Bombs Tomatoes 12oz,1
Out of stock,Sourdough Boule Bread,1
Out of stock,Sold individually,1
Out of stock,Sold in trays,1
Out of stock,Sold in bundle,1
Out of stock,Sold in Single,1
Out of stock,Sold by weight,1
Out of stock,Sold by Leaf,1
Out of stock,Smithfield Bacon Naturally Hickory Smoked,1
Out of stock,Small Fruit Salad,1
Out of stock,Single,1
Out of stock,STRAWBERRY FLAVOURED BISCUITS,1
Out of stock,Rhubarb,1
Out of stock,Rambutan,1
Out of stock,Qukes 12oz Mini Cucumbers,1
Out of stock,Pomelo,1
Out of stock,Pack of 6,1
Out of stock,Pack of 5,1
Out of stock,Pack of 2,1
Out of stock,Pack of 12,1
Out of stock,Pack of 1,1
Out of stock,Orri Mandarin,1
Out of stock,Organic Bartlett,1
Out of stock,Milk Fruit,1
Out of stock,Melon Hami,1
Out of stock,Medium Fruit Salad,1
Out of stock,Lollibombs Tomatoes,1
Out of stock,Leeks,1
Out of stock,Large Fruit Tray With Dip,1
Out of stock,Large,1
Out of stock,Halloween Cotton Candy 3pk,1
Out of stock,Garlic,1
Out of stock,GAUVA,1
Out of stock,Freshline Large Fruit Tray,1
Out of stock,Fresh Raspberries 6oz/170g clam,1
Out of stock,Flavoured Sandwich Biscuits.,1
Out of stock,Family Size Butter Chicken,1
Out of stock,Enjoy these Sunset Wild Wonders Gourmet Medley Tomatoes!,1
Out of stock,Earth Fresh Gourmet Mini Mixed Potatoes,1
Out of stock,EACH,1
Out of stock,Contains one (1) 85g King Size MARS Caramel Candy Bar,1
Out of stock,Chinese Long Bean,1
Out of stock,Cheese Sourdough Bread,1
Out of stock,Cantaloupe Chunks,1
Out of stock,Cactus Pear,1
Out of stock,CUMIN SEEDS,1
Out of stock,Brussel sprouts,1
Out of stock,Broccoli,1
Out of stock,Blueberries,1
Out of stock,Beans,1
Out of stock,Bag of 5,1
Out of stock,Bag of 12,1
Out of stock,Baby Mango,1
Out of stock,Atemoya,1
Out of stock,A QUALITY PRODUCT FROM THE HOUSE OF LAL QILLA,1
Out of stock,A HEALTHY CHOICE FOR AUTHENTIC TASTE,1
Out of stock,904g,1
Out of stock,9 oz,1
Out of stock,7 oz,1
Out of stock,7 lb bag,1
Out of stock,680 g / 1.5 lb,1
Out of stock,6 CT,1
Out of stock,560g,1
Out of stock,5.3 oz,1
Out of stock,5 lb,1
Out of stock,490g,1
Out of stock,400g,1
Out of stock,4.7 oz,1
Out of stock,3lt Basket,1
Out of stock,3l,1
Out of stock,340 g Bag,1
Out of stock,312g,1
Out of stock,3.5 oz,1
Out of stock,284g,1
Out of stock,255g,1
Out of stock,230gr,1
Out of stock,200g,1
Out of stock,200 g-Aged 17-18 Months,1
Out of stock,2.3 Kg,1
Out of stock,2.1 lb - 2.5 lb each,1
Out of stock,2.05-2.29 kg each,1
Out of stock,1kg,1
Out of stock,16 oz,1
Out of stock,15 oz,1
Out of stock,14*65g,1
Out of stock,14 oz,1
Out of stock,12oz,1
Out of stock,12 pk,1
Out of stock,12 oz,1
Out of stock,10 lb bag,1
Out of stock,1.8kg,1
Out of stock,1.50 - 3.10kg,1
Out of stock,1.4kg,1
Out of stock,1.40 - 1.54kg,1
Out of stock,1.36 kg / 3lb,1
Out of stock,1.2kg,1
Out of stock,1.20 - 2.40kg,1
Out of stock,1.1kg,1
Out of stock,1.13 - 1.83kg,1
Out of stock,1.02 - 1.19kg,1
Out of stock,1.00 - 1.00kg,1
Out of stock,1 lb.,1
Out of stock,1 lb bag,1
Out of stock,1 kg Bag,1
Out of stock,1 bunch,1
Out of stock,1 bag,1
Out of stock,1 Coconut,1
Out of stock,1 Bunch,1
Out of stock,0.92 - 1.22kg,1
Out of stock,0.83 - 1.65kg,1
Out of stock,0.76 - 1.40kg,1
Out of stock,0.76 - 1.12kg,1
Out of stock,0.74 - 1.45kg,1
Out of stock,0.67 - 0.68kg,1
Out of stock,0.63 - 0.86ea,1
Out of stock,0.62 - 0.80kg,1
Out of stock,0.60 - 1.80kg,1
Out of stock,0.60 - 0.84kg,1
Out of stock,0.57 - 0.80kg,1
Out of stock,0.50 - 1.60kg,1
Out of stock,0.45 - 1.60kg,1
Out of stock,0.42 - 1.10kg,1
Out of stock,0.42 - 0.95kg,1
Out of stock,0.42 - 0.53kg,1
Out of stock,0.42 - 0.51kg,1
Out of stock,0.39 - 0.51kg,1
Out of stock,0.34 - 0.63kg,1
Out of stock,0.32 - 1.35kg,1
Out of stock,0.32 - 0.35kg,1
Out of stock,0.30 - 1.50kg,1
Out of stock,0.30 - 0.58kg,1
Out of stock,0.29 - 1.37kg,1
Out of stock,0.28 - 0.57kg,1
Out of stock,0.25 - 0.80kg,1
Out of stock,0.25 - 0.35kg,1
Out of stock,0.25 - 0.28kg,1
Out of stock,0.24 - 0.42kg,1
Out of stock,0.24 - 0.39kg,1
Out of stock,0.23 - 0.39kg,1
Out of stock,0.22 - 0.49kg,1
Out of stock,0.20 - 0.90kg,1
Out of stock,0.19 - 0.75kg,1
Out of stock,0.19 - 0.27kg,1
Out of stock,0.18 - 0.30kg,1
Out of stock,0.17 - 0.20kg,1
Out of stock,0.15 - 0.43kg,1
Out of stock,0.15 - 0.24kg,1
Out of stock,0.15 - 0.23kg,1
Out of stock,0.14 - 0.45kg,1
Out of stock,0.12 - 0.15kg,1
Out of stock,0.10 - 0.14kg,1
Out of stock,0.09 - 1.39kg,1
Out of stock,0.09 - 0.22kg,1
Out of stock,0.07 - 0.23kg,1
Out of stock,0.06 - 0.17kg,1
Out of stock,0.06 - 0.15kg,1
Out of stock,0.05 - 0.35kg,1
Out of stock,0.03 - 0.11kg,1
Outdoor Flavours,315g,1
Outer Aisle,191g,1
Outlaw,1.81kg,1
Ovaltine,400g,10
Ovaltine,150g,4
Ovaltine,1.2kg,2
Ovaltine,1200g,1
Overwaitea,510g,1
Ovino,500g,1
Ovino,1l,1
Ox Head,7kg,2
Ox Head,OX Head Rice,1
OxiClean,636ml Spray,1
Oxo,225g,4
Ozer,355ml,2
Ozery,450g,2
Ozery Bakery,450g,5
Ozery Bakery,portable breakfast buns,2
Ozery Bakery,8un,2
Ozery Bakery,150g,2
Ozery Bakery,One Bun MG 600 Gram Pack,1
Ozery Bakery,Blueberry Morning Rounds,1
Ozery Bakery,Appple Cinnamon Morning Rounds,1
Ozery Bakery,8 un - 600g,1
Ozery Bakery,6 buns,1
Ozery Bakery,378g,1
Ozery Bakery,360 g total,1
Ozery Bakery,312g,1
Ozery Bakery,208g,1
Ozery Bakery,160g,1
Ozery Bakery,12 un - 324g,1
Ozery Bakery,12 un - 312g,1
Ozery Bakery,100 Calorie One Bun,1
Ozery's,150g,6
Ozery's,8x75.0g,2
Ozery's,6x378.0g,2
Ozery's,450g,2
Ozery's,8x40.0g,1
Ozery's,420g,1
Ozery's,360g,1
Ozery's,12x324.0g,1
P'Tit Quebec,400g,9
P'Tit Quebec,320g,5
P'Tit Quebec,P'tit Qu¨¦bec Cheddar Cheese Very Mild,1
P'Tit Quebec,P'tit Qu¨¦bec Brick Cheese,1
P'Tit Quebec,P'tit Quebec Old White Cheddar 400G,1
P'Tit Quebec,P'tit Quebec Medium White Cheddar Cheese,1
P'Tit Quebec,P'tit Quebec Marble Cheddar 400G,1
P'Tit Quebec,650g,1
P'Tit Quebec,200g,1
P'tit Qu¨¦bec,400g,6
P'tit Qu¨¦bec,240g,2
P'tit Qu¨¦bec,168g,2
P'tit Qu¨¦bec,907g,1
P'tit Qu¨¦bec,650g,1
P'tit Qu¨¦bec,220g,1
P'tits Plaisirs,1 piece,1
P'tits Plaisirs,,1
P.F. Chang's,624g,13
P.F. Chang's,312g,7
P.F. Chang's,350 Millilitre,5
P.F. Chang's,350ml,4
P.F. Chang's,Chicken Lo Mein,2
P.F. Chang's,Pad Thai,1
P.F. Chang's,PFCHANG's DAN NDLE BWL 312G,1
P.F. Chang's,PFC SWT SOUR SCE 6/350.0ml,1
P.F. Chang's,PFC SK MNGLN STYLE BEEF 4/624G,1
P.F. Chang's,PF CHANG'S ORANGE CKN 624G,1
P.F. Chang's,PF CHANG'S GENERAL CKN 624G,1
P.F. Chang's,Korean Pork,1
P.F. Chang's,Fried Rice,1
P.F. Chang's,Beef & Broccoli,1
P.F.Chang's,624g,4
P.F.Chang's,350ml,4
P.F.Chang's,312g,4
PAGODA,18 Vegetable Egg Rolls,1
PAGODA,18 Meat Egg Rolls,1
PAGODA,18 Chicken Egg Rolls,1
PAM,Original400g,1
PAM,Original170g,1
PAM,Olive Oil141g,1
PAN,1kg,1
PARTAKE,Craft Non-Alcoholic Beer,3
PATIENCE FRUIT & CO,60g,6
PATIENCE FRUIT & CO,946ml,4
PATIENCE FRUIT & CO,142g,1
PAW Patrol,PAW PATROL POPUP EGG,2
PAW Patrol,Paw Patrol lunch box cookies,1
PB & Me,435g,1
PB&ME,200g,1
PB&Me,453g,3
PB&Me,200g,1
PC Black Label,250g,16
PC Black Label,500ml,12
PC Black Label,150g,12
PC Black Label,500g,10
PC Black Label,250ml,10
PC Black Label,200g,10
PC Black Label,650ml,8
PC Black Label,430ml,8
PC Black Label,370ml,8
PC Black Label,350ml,8
PC Black Label,420g,6
PC Black Label,1kg,6
PC Black Label,540g,5
PC Black Label,90g,4
PC Black Label,59ml,4
PC Black Label,568g,4
PC Black Label,400g,4
PC Black Label,227g,4
PC Black Label,225ml,4
PC Black Label,185ml,4
PC Black Label,125g,4
PC Black Label,80g,2
PC Black Label,60g,2
PC Black Label,4x200.0ml,2
PC Black Label,410g,2
PC Black Label,370g,2
PC Black Label,236ml,2
PC Black Label,180ml,2
PC Black Label,158g,2
PC Black Label,150ml,2
PC Black Label,120ml,2
PC Black Label,118g,2
PC Black Label,100g,2
PC Black Label,0.5g,2
PC Black Label,85g,1
PC Black Label,70g,1
PC Black Label,50g,1
PC Black Label,40g,1
PC Black Label,340g,1
PC Black Label,320g,1
PC Black Label,30g,1
PC Black Label,2ea,1
PC Black Label,280ml,1
PC Black Label,270g,1
PC Black Label,265g,1
PC Black Label,214g,1
PC Black Label,20g,1
PC Black Label,190ml,1
PC Black Label,175ml,1
PC Black Label,120g,1
PC Blue Menu,900g,31
PC Blue Menu,500ml,22
PC Blue Menu,1l,19
PC Blue Menu,12x355.0ml,16
PC Blue Menu,6x80.0ml,13
PC Blue Menu,450g,13
PC Blue Menu,300g,13
PC Blue Menu,475ml,12
PC Blue Menu,375g,11
PC Blue Menu,454g,10
PC Blue Menu,1.13kg,10
PC Blue Menu,907g,9
PC Blue Menu,540ml,9
PC Blue Menu,225g,9
PC Blue Menu,700ml,8
PC Blue Menu,398ml,8
PC Blue Menu,340g,7
PC Blue Menu,350g,6
PC Blue Menu,2kg,6
PC Blue Menu,1.89l,6
PC Blue Menu,355ml,5
PC Blue Menu,325g,5
PC Blue Menu,2l,5
PC Blue Menu,280g,5
PC Blue Menu,1ea,5
PC Blue Menu,10x200.0ml,5
PC Blue Menu,900ml,4
PC Blue Menu,8x32.0g,4
PC Blue Menu,796ml,4
PC Blue Menu,750ml,4
PC Blue Menu,750g,4
PC Blue Menu,6x80.0g,4
PC Blue Menu,500g,4
PC Blue Menu,480ml,4
PC Blue Menu,410ml,4
PC Blue Menu,400g,4
PC Blue Menu,3x88.0g,4
PC Blue Menu,360g,4
PC Blue Menu,320g,4
PC Blue Menu,250g,4
PC Blue Menu,227g,4
PC Blue Menu,130g,4
PC Blue Menu,12ea,4
PC Blue Menu,1.02kg,4
PC Blue Menu,890ml,3
PC Blue Menu,400ml,3
PC Blue Menu,350ml,3
PC Blue Menu,342g,3
PC Blue Menu,341ml,3
PC Blue Menu,310ml,3
PC Blue Menu,24g,3
PC Blue Menu,1kg,3
PC Blue Menu,198g,3
PC Blue Menu,175g,3
PC Blue Menu,142g,3
PC Blue Menu,905g,2
PC Blue Menu,850g,2
PC Blue Menu,840g,2
PC Blue Menu,775g,2
PC Blue Menu,6x65.0g,2
PC Blue Menu,600g,2
PC Blue Menu,568g,2
PC Blue Menu,525g,2
PC Blue Menu,475g,2
PC Blue Menu,336g,2
PC Blue Menu,284ml,2
PC Blue Menu,282g,2
PC Blue Menu,260g,2
PC Blue Menu,248g,2
PC Blue Menu,244g,2
PC Blue Menu,237g,2
PC Blue Menu,214g,2
PC Blue Menu,212g,2
PC Blue Menu,2.5l,2
PC Blue Menu,2.27kg,2
PC Blue Menu,1g,2
PC Blue Menu,165g,2
PC Blue Menu,150g,2
PC Blue Menu,140g,2
PC Blue Menu,12x75.0ml,2
PC Blue Menu,12 eggs,2
PC Blue Menu,110g,2
PC Blue Menu,100g,2
PC Blue Menu,1.36kg,2
PC Blue Menu,8x60.0g,1
PC Blue Menu,88g,1
PC Blue Menu,85g,1
PC Blue Menu,841g,1
PC Blue Menu,696g,1
PC Blue Menu,304g,1
PC Blue Menu,275g,1
PC Blue Menu,12x304.0g,1
PC Blue Menu,1.81kg,1
PC Blue Menu,1.36l,1
PC Blue Menu,1.1kg,1
PC Blue Menu,0.35kg,1
PC Blue Menu,$43.90/1kg,1
PC Blue Menu,$29.96/1kg $13.59/1lb,1
PC Blue Menu,$15.41/1kg $6.99/1lb,1
PC Organics,500g,41
PC Organics,200g,35
PC Organics,454g,31
PC Organics,907g,25
PC Organics,142g,24
PC Organics,250g,21
PC Organics,600g,20
PC Organics,227g,20
PC Organics,1ea,20
PC Organics,450g,18
PC Organics,900g,16
PC Organics,500ml,15
PC Organics,1l,13
PC Organics,150g,13
PC Organics,100g,13
PC Organics,473ml,12
PC Organics,400g,12
PC Organics,300g,12
PC Organics,1.5kg,12
PC Organics,1.36kg,11
PC Organics,1kg,10
PC Organics,2l,9
PC Organics,20g,9
PC Organics,946ml,8
PC Organics,900ml,8
PC Organics,700ml,8
PC Organics,680g,8
PC Organics,4l,8
PC Organics,398ml,8
PC Organics,365ml,8
PC Organics,12ea,8
PC Organics,40g,7
PC Organics,3ea,6
PC Organics,350ml,6
PC Organics,325g,5
PC Organics,312g,5
PC Organics,170g,5
PC Organics,12 eggs,5
PC Organics,90g,4
PC Organics,700g,4
PC Organics,6x100.0ml,4
PC Organics,59ml,4
PC Organics,437ml,4
PC Organics,400ml,4
PC Organics,375g,4
PC Organics,235ml,4
PC Organics,225g,4
PC Organics,2.5kg,4
PC Organics,120g,4
PC Organics,1000ml,4
PC Organics,$8.80/1kg $3.99/1lb,4
PC Organics,48g,3
PC Organics,2kg,3
PC Organics,2ea,3
PC Organics,2 pack,3
PC Organics,860ml,2
PC Organics,850g,2
PC Organics,800g,2
PC Organics,750g,2
PC Organics,70g,2
PC Organics,650ml,2
PC Organics,575ml,2
PC Organics,545ml,2
PC Organics,4x90.0g,2
PC Organics,49g,2
PC Organics,480ml,2
PC Organics,47g,2
PC Organics,425g,2
PC Organics,375ml,2
PC Organics,346g,2
PC Organics,342g,2
PC Organics,341g,2
PC Organics,340g,2
PC Organics,325ml,2
PC Organics,30ea,2
PC Organics,3 pack,2
PC Organics,3 lb bag,2
PC Organics,297g,2
PC Organics,284ml,2
PC Organics,277g,2
PC Organics,255g,2
PC Organics,243g,2
PC Organics,224g,2
PC Organics,205g,2
PC Organics,190g,2
PC Organics,160g,2
PC Organics,140g,2
PC Organics,120ml,2
PC Organics,115g,2
PC Organics,113g,2
PC Organics,1000g,2
PC Organics,1.8kg,2
PC Organics,1.36l,2
PC Organics,1 bunch,2
PC Organics,$8.82/1kg $4.00/1lb,2
PC Organics,709g,1
PC Organics,660ml,1
PC Organics,64g,1
PC Organics,57g,1
PC Organics,52g,1
PC Organics,4ea,1
PC Organics,42g,1
PC Organics,390g,1
PC Organics,36g,1
PC Organics,35g,1
PC Organics,336g,1
PC Organics,330g,1
PC Organics,284g,1
PC Organics,283g,1
PC Organics,250ml,1
PC Organics,240g,1
PC Organics,2.3l,1
PC Organics,13g,1
PC Organics,136g,1
PC Organics,1.361kg,1
PC Organics,1.13kg,1
PC Organics,$7.69/1kg $3.49/1lb,1
PC Organics,$2.62/1kg $1.19/1lb,1
PC Organics,$2.18/1kg $0.99/1lb,1
PC Organics,$12.10/1kg $5.49/1lb,1
PC Organics,$11.02/1kg $5.00/1lb,1
PC Splendido,100g,12
PC Splendido,250g,10
PC Splendido,600g,8
PC Splendido,270ml,8
PC Splendido,500ml,6
PC Splendido,225g,6
PC Splendido,250ml,5
PC Splendido,500g,4
PC Splendido,200g,4
PC Splendido,1l,4
PC Splendido,800g,3
PC Splendido,680ml,2
PC Splendido,3l,2
PC Splendido,280g,2
PC Splendido,170g,2
PC Splendido,$37.90/1kg,2
PC Splendido,$36.90/1kg,2
PC Splendido,$32.90/1kg,2
PC Splendido,700g,1
PC Splendido,350g,1
PC Splendido,$44.90/1kg,1
PELMEN,500g,5
PEPPER NORTH,148 Millilitre,1
PEPPERIDGE FARM,Cheese Trio200g,2
PEPPERIDGE FARM,Cheddar6 Each,2
PEPPERIDGE FARM,350g,2
PEPPERIDGE FARM,Whole Grain Cheddar180g,1
PEPPERIDGE FARM,Sour Cream & Onion177g,1
PEPPERIDGE FARM,Screamin Salt & Vin180g,1
PEPPERIDGE FARM,Pretzel227g,1
PEPPERIDGE FARM,Original200g,1
PEPPERIDGE FARM,Mix Xtreme Cheddar + Pretzel180g,1
PEPPERIDGE FARM,Mega Bites Sharp Cheddar167g,1
PEPPERIDGE FARM,Made with Veggies & Fruits Cheddar180g,1
PEPPERIDGE FARM,Flavour Blasted Xplosive Pizza180g,1
PEPPERIDGE FARM,Extreme CheddarFamily Size750g,1
PEPPERIDGE FARM,Colours Cheddar180g,1
PEPPERIDGE FARM,Cheddar200g,1
PEPPERIDGE FARM,Cheddar Snack Packs22 Each,1
PEPPERIDGE FARM,Cheddar Marvel Avengers180g,1
PEPPERIDGE FARM,Cheddar Jalapeno167g,1
PEPPERIDGE FARM,213g,1
PEPPERIDGE FARM,200g,1
PEPPERIDGE FARM,198g,1
PEPPERIDGE FARM,180g,1
PEPPERIDGE FARM,177g,1
PEZ,16g,8
PEZ,1 Each,2
PEZ,Refills49.3g,1
PEZ,Grape1 Each,1
PEZ,6un,1
PEZ,49g,1
PEZ,1ea,1
PF Changs,624g,3
PF Changs,350 Millilitre,1
PG Tips,40 teabags,1
PH Food,500g,1
PLANTERS,Planters Dry Roasted Peanuts,1
PLANTERS,Planters Deluxe Salted Mixed Nuts,1
PLANTERS,Planters Craft Bar Mix,1
PLANTERS,PLANTER CCKTL PNT WS,1
PLANTERS,PL PRALIN NUT MIX,1
PLANTERS,PL DRY RST PNT SEAS,1
PLANTERS,Dry Roasted Peanuts,1
PLANTERS,Craft Bar Mix,1
PLANTERS,Cashews & Pecans,1
PLANTERS,Almonds & Cashews,1
PLANTERS,737g,1
PLANTERS,600g,1
PLANTERS,475g,1
PLANTERS,300g,1
PLANTERS,250g,1
POM,600g,8
POM,Pack of 8,3
POM,675g,2
POM,610g,2
POM,595g,2
POM,340g,2
POM,Pack of 4,1
POM,POM? 9 Grains Medium Tortillas,1
POM,550g,1
POM Wonderful,473ml,2
POM Wonderful,1.4l,2
POM Wonderful,710ml,1
POM Wonderful,227g,1
POM Wonderful,113g,1
POMMIES,473ml,1
POPTASTIC,130g,3
PORTA AUTHENTIC ITALIAN,320g,2
PRAN,400g,4
PRAN,900g,1
PRANA,300g,3
PRANA,250g,3
PRANA,Raw180g,1
PRANA,Chococlate Chips120g,1
PRANA,Berries120g,1
PRANA,5 Each,1
PRANA,200g,1
PRESIDENT,220g,3
PRESIDENT,Pr¨¦sident Comt¨¦ Le Montarlier Cheese,1
PRESIDENT,230g,1
PRESIDENT,200g,1
PRESIDENT,185g,1
PTI,200g,5
PTI,400g,3
PTI,4lb,2
PTI,200grams,2
PTI,a legume otherwise known as chickpeas. It contains a high proportion of carbohydrates but no gluten ),1
PTI,USED IN SPICY DISHES,1
PTI,TURMERIC PWD,1
PTI,THE SECRET INGREDIENT IN ANCIENT INDIAN KITCHENS,1
PTI,TEJ PATTA,1
PTI,Shakti Chakki Fresh Atta-20Lbs,1
PTI,SWEET CORN FLOUR,1
PTI,SPICE USED IN VARIOUS DISHES,1
PTI,Rice flour is made from ground raw rice,1
PTI,ROASTED CHANA,1
PTI,REMEMBER THE TASTE,1
PTI,PTI CORIANDER POWDER,1
PTI,PTI AMRITSARI WADI-400g,1
PTI,PIZZA CHILLI,1
PTI,MIXED WHOLE SPICES,1
PTI,MITHI SONF MOTI,1
PTI,METHI SEEDS,1
PTI,Its a blend of ground spices,1
PTI,HALDI,1
PTI,GROUNDED GINGER,1
PTI,DESI CHICK PEA FLOUR,1
PTI,Chili powder spice,1
PTI,CUMIN POWDER SPICE,1
PTI,CRACKED WHEAT,1
PTI,CORIANDER SEEDS,1
PTI,COMBINATION OF VARIOUS SPICES,1
PTI,CINNAMON BARK,1
PTI,CHAKRA PHOOl,1
PTI,BLACK MUSTARD SEED,1
PTI,800g,1
PTI,400grams,1
PTI,4 lbs,1
PTI,350grams,1
PTI,20lb,1
PTI,200 G,1
PTI,100g,1
PUREFOODS,340g,1
PVL Essentials,330g,3
PVL Essentials,908g,2
PVL Essentials,300g,1
PVL Essentials,249g,1
Pabst,6x355.0ml,1
Pabst,473ml,1
Pace,642ml,12
Pace,642 Millilitre,3
Pace,648ml,1
Pace,648 Millilitre,1
Pace,428 Millilitre,1
Pace,245g,1
Pace,240g,1
Pace,225g,1
Pace,222g,1
Pace,1.7 Litre,1
Pacific,1l,7
Pacific,500g,3
Pacific,946ml,2
Pacific,354 Millilitre,1
Pacific Date,340g,1
Pacific Foods,946ml,12
Pacific Foods,1l,11
Pacific Foods,1 Litre,6
Pacific Foods,946 Millilitre,4
Pacific Foods,284ml,4
Pacific Foods,468g,3
Pacific Foods,440 Millilitre,1
Pacific Gold,400g,1
Paczki,4 un - 420g,3
Paese Mio,80g,2
Paese Mio,314g,2
Paese Mio,235g,2
Paese Mio,160g,2
Paese Mio,796ml,1
Paese Mio,720ml,1
Paese Mio,60g,1
Paese Mio,500ml,1
Paese Mio,320g,1
Paese Mio,300g,1
Pagoda,570g,2
Paldo,86g,7
Paldo,536g,2
Paldo,520g,2
Paldo,50g,2
Paldo,500ml,2
Paldo,440g,2
Paldo,408g,2
Paldo,3 Each,1
Paldo,15g,1
Paldo,116g,1
Paldo,115g x 5,1
Paldo,111g x 4,1
Paldo,110g,1
Paldo,105g,1
Paldo,102g x 4,1
Paldo,1.5l,1
Palm,326g,9
Palm,425g,1
Palm,227g,1
Palm,130g,1
Palmer's,71g,2
Palmer's,Hollow Milk Chocolate,1
Palmer's,Double Crisp & Chocolaty,1
Palmer's,85g,1
Palmer's,340g,1
Palmer's,28g,1
Palmer's,283g,1
Palmer's,213g,1
Palmer's,1.24kg,1
Paluani,1kg,3
Paluani,750g,2
Pam,141g,16
Pam,170g,4
Pam,148ml,1
Pam,113g,1
Pam,110g,1
Pamela's,225ml,2
Pamela's,1.8kg,1
Pampanga,375ml,1
Pan,1kg,4
Pan,2.27kg,1
Pan Ducale,200g,7
Panda,170g,5
Panda,32g,4
PaneRiso,500g,1
PaneRiso Foods,12un,1
Paneriso,372g,4
Paneriso,350g,3
Paneriso,500g,2
Paneriso,454g,2
Paneriso,300g,2
Paneriso,228g,1
Pangea,400g,1
Pantagruel,"sell quantity 200g
tablet form",1
,,
Pantagruel,"sell quantity 200g
Tablet form",1
,,
Pantanella,454g,3
Pantanella,400g,2
Papadopoulos,225g,5
Papadopoulos,200g,2
Papadopoulos,115g,1
Papagalos,194g,2
Papaya,100g,2
Papaya,Tortilla Farmhouse Cheddar Brown Rice Chips100g,1
Paper Boat,180ml,2
PaperChef,Extra Large30 Each,2
PaperChef,60 Each,1
Paperchef,60ea,2
Parachute,500ml,1
Parachute,1000ml,1
Parachute Advanced,Coconut oil,1
Paradise,520ml,3
Paradise,454g,2
Paradise,20/454g,1
Paramount,155g,10
Paramount,225g,4
Paramount,200g,4
Paramount,450g,3
Paramount,170g,2
Paramount,907g,1
Pardes Farms,680g,16
Pardes Farms,454g,4
Pardes Farms,340g,2
Pardes Farms,453g,1
Pardes Farms,300g,1
Paris Pate,78g,3
Paris P?t¨¦,78g,5
Paris Toasts,80g,4
Paris Toasts,270g,1
Parkay,Squares1.36kg,1
Parkay,850g,1
Parkay,1.36kg,1
Parkay,1.28kg,1
Parle,112g,5
Parle,75g,4
Parle,66.64g,4
Parle,300g,4
Parle,82.5g,2
Parle,63.3g,2
Parle,60g,2
Parle,150g,2
Parle,THE ORIGINAL SWEET & SALTY CRACKERS,1
Parle,PARLEH&SBOURBONBIS,1
Parle,PARLE-G ORIGINAL GLUCO BISCUITS,1
Parle,PARLE MONACO CLASSIC REGULAR,1
Parle,ORIGINAL GLUCO BISCUITS,1
Parle,Mango drink,1
Parle,FLAVOURED CHOCO CHIP SANDWICH COOKIES,1
Parle,CREME SANDWICH,1
Parle,CHOCOLATE FLAVOURED CHOCOLATE CHIP,1
Parle,CHOCOLATE CHIP COOKIES,1
Parle,BLACK BOURBON CREAM SANDWICH,1
Parle,75 gram,1
Parle,676.8g,1
Parle,255g,1
Parliament,600g,1
Parliament,4.54kg,1
Parlour,1.5l,6
Parlour,12x60ml,2
Parlour,1.3l,2
Parlour,6x100ml,1
Parlour,12 x 60ml,1
Parm Crips,113g,2
Parm Crisps,113g,2
Parmalat,750g,1
Parmesan,Fresh250g,1
Parnoosh,907g,2
Pars The Bread Factory,550g,2
Pars The Bread Factory,900g,1
Pars The Bread Factory,450g,1
Pars The Bread Factory,400g,1
Parsley,Bunch1 Each,1
Parsnips,Bulk192.5g,1
Partake,4x355.0ml,6
Partake,12x355.0ml,1
Partake Brewing,4x355ml - cans,2
Partake Brewing,12x355ml,1
Partners,124g,2
Partners,114g,2
Partners,Tortilla Farmhouse Cheddar Brown Rice Chips100g,1
Partners,Salted Caramel Rice Chips90g,1
Partners,All Dressed Flavour Brown Rice Chips100g,1
Pasilla/Polano,Green25g,1
Paskesz,100g,12
Paskesz,50g,9
Paskesz,200g,6
Paskesz,40g,4
Paskesz,155g,4
Paskesz,140g,4
Paskesz,510g,3
Paskesz,284g,3
Paskesz,227g,3
Paskesz,150g,3
Paskesz,120g,3
Paskesz,115g,3
Paskesz,75g,2
Paskesz,425g,2
Paskesz,37g,2
Paskesz,84g,1
Paskesz,82g,1
Paskesz,60g,1
Paskesz,6.3g,1
Paskesz,454g,1
Paskesz,450g,1
Paskesz,42.5g,1
Paskesz,340g,1
Paskesz,285g,1
Paskesz,260g,1
Paskesz,250g,1
Paskesz,24.7g,1
Paskesz,113.5g,1
Paskesz,113.4g,1
Paskesz,112g,1
Paskesz,107g,1
Pasquale's,150g,1
Passage Foods,A fast and easy authentic culinary adventure awaits,5
Passage Foods,Deliciously quick: authentic Thai Veg Curry in 90 seconds,3
Passage Foods,Delicious & authentic Thai Curry in 20 Minutes,3
Passage Foods,Delicious & authentic Indian Curry in 20 Minutes,3
Passage Foods,Deliciously quick: authentic Indian Veg Curry in 90 seconds,2
Passage Foods,Delicious & authentic Chinese stir-fry in 20 minutes,2
Passage Foods,6 Delicious & authentic Spring Rolls in 20 minutes,2
Passage Foods,Deliciously quick: authentic Thai Peanut Veg Curry in 90 seconds,1
Passage Foods,Deliciously quick: authentic Japanese Veg Curry in 90 seconds,1
Passage Foods,Delicious & authentic Thai stir-fry in 20 minutes,1
Passage Foods,Delicious & authentic Sri Lankan Curry in 20 Minutes,1
Passage Foods,Delicious & authentic Pad Thai Noodles in 20 Minutes,1
Passage Foods,Delicious & authentic Chow Mein in 20 Minutes,1
Passage Foods,Delicious & authentic Asian stir-fry in 20 minutes,1
Passion d'¨¦pices,50g,4
Pasta Oggi,390g,2
Pasta Oggi,435g,1
Pasta Prima,28g,1
Pasta Roni,144g,1
Pasta Roni,136g,1
Pasta Tavola,400g,9
Pasta Toscana,454g,9
PastaCo,500g,3
PastaCo,800g,2
PastaCo,750g,2
Pastaco,750ml,2
Pastene,796ml,7
Pastene,425g,6
Pastene,170ml,2
Pastene,99g,1
Pastene,750g,1
Pastene,680g,1
Pastene,300g,1
Pastene,225g,1
Pastene,198g,1
Pastene,156ml,1
Pastene,150g,1
Pastrami,Original100g,1
Patak's,284ml,19
Patak's,400ml,11
Patak's,400 Millilitre,4
Patak's,315g,4
Patak's,313g,3
Patak's,200ml,2
Patak's,200 Millilitre,2
Patak's,250ml,1
Patak's,250 Millilitre,1
Patak's,100g,1
Patak's The Original Estd 1958,285g,3
Pataks,400ml,21
Pataks,284ml,13
Pataks,285ml,6
Pataks,250ml,4
Pataks,313g,2
Pataks,200ml,2
Pataks,315g,1
Pataks,164g,1
Patience Fruit,All Dressed Flavour Brown Rice Chips100g,1
Patience Fruit,142g,1
Patience Fruit & Co,946ml,3
Patience Fruit & Co,60g,2
Patience Fruit & Co,113g,2
Patience Fruit & Co,85g,1
Patience Fruit & Co,227g,1
Patience Fruit & Co,196g,1
Patience Fruit & Co,142g,1
Patty King International,Beef Patties - Spicy 9x130g,1
Patty King International,Beef Patties - Mild 9x130g,1
Pattyking,1.17kg,3
Paw Patrol,25g,1
Paw Patrol,20g,1
Paw Patrol,173g,1
Paxo,170g,1
Paysan,400g,1
Paysanne,180g,2
Pb&Me,No Sugar Added453g,1
Peacasa,128g,1
Peace Be Chocolate,92g,1
Peace By Chocolate,92g,3
Peace By Chocolate,160g,1
Peace River,500g,2
Peace River,375g,2
Peace River,1un,1
Peace River Honey,500g,4
Peace River Honey,375g,2
Peace River Honey,Peace River Liquid Honey 500g,1
Peace River Honey,Peace River Creamed Honey 500g Jar,1
Peace River Honey,500ml,1
Peace Tea,695ml,35
Peace Tea,695 Millilitre,7
Peace Tea,12x341.0ml,6
Peace Tea,12x341ml,4
Peace Tea,1.75l,4
Peace Tea,12 x 341ml,3
Peace Tea,12x355ml,2
Peace Tea,Peace Tea Ras. 1.75LT,1
Peahefy,Pagoda Fuselage Stainless Steel Oil Can For Home For Kitchen For Cook,1
Peak of the Market,Red Onion,1
Peak of the Market,0.16 - 0.30kg,1
Peanuts,100g,5
Peanuts,Bulk100g,3
Peanuts,No Salt100g,2
Peanuts,Sea Salt & Black Pepper100g,1
Peanuts,Roasted & Salted100g,1
Peanuts,Lime & Chili100g,1
Peanuts,5 Each,1
Pear River Bridge,500 Millilitre,1
Pear's Snack,113g,2
Pearl Milling Comp,905g,3
Pearl Milling Comp,Buttermilk Complete905g,1
Pearl Milling Company,710ml,9
Pearl Milling Company,905g,8
Pearl Milling Company,905 GM,4
Pearl Milling Company,710 Millilitre,3
Pearl Milling Company,355 Millilitre,1
Pearl River Bridge,500ml,3
Pearl River Bridge,PRB Superior Dark Soy 500ml,1
Pearlmark,454g,1
Peas,Bulk100g,2
Pecans,Bulk100g,2
Pecans,140g,1
Pecans,100g,1
Pedras Salgadas,"sell quantity 6x250ml
glass bottle",1
,,
Pedras Salgadas,case pack 4x250ml,1
Pedras Salgadas,6x250ml,1
Peek Freans,300g,29
Peek Freans,290g,11
Peek Freans,350g,7
Peek Freans,275g,4
Peek Freans,5 Each,2
Peek Freans,350 g.,1
Peek Freans,300 g.,1
Peeps,85g,3
Peeps,6ct/85g,1
Pelmen,500g,17
Penha,250g,1
Pennisi,900g,1
Pepper North,148ml,10
Pepper North,vegan bowls and more.,1
Pepper North,eggs and chilli.,1
Pepper North Artisan,Sliced398 Millilitre,1
Pepper North Artisan,148 Millilitre,1
Pepper North Artisan Foods,148 Millilitre,2
Pepperidge Farm,180g,28
Pepperidge Farm,200g,9
Pepperidge Farm,177g,9
Pepperidge Farm,750g,8
Pepperidge Farm,167g,6
Pepperidge Farm,800g,3
Pepperidge Farm,6x28.0g,2
Pepperidge Farm,6x26g,2
Pepperidge Farm,616g,2
Pepperidge Farm,26g,2
Pepperidge Farm,156g,2
Pepperidge Farm,6x28g,1
Pepperidge Farm,227g,1
Pepperoni,100g,1
Peppers,MiniSuper Sweet Mixed454g,1
Pepsi,12x355ml,24
Pepsi,591ml,20
Pepsi,12x355.0ml,15
Pepsi,2l,14
Pepsi,6x710ml,11
Pepsi,1l,10
Pepsi,6x222ml,9
Pepsi,355ml,8
Pepsi,2?l,8
Pepsi,12 Each,8
Pepsi,15x222ml,7
Pepsi,6x710.0ml,6
Pepsi,6x222.0ml,6
Pepsi,6 Each,6
Pepsi,24x355.0ml,6
Pepsi,8x355ml,5
Pepsi,8x355.0ml,5
Pepsi,2 Litre,5
Pepsi,8x355ml - bottle,4
Pepsi,739 Millilitre,4
Pepsi,591 Millilitre,4
Pepsi,473 Millilitre,4
Pepsi,24 Each,4
Pepsi,15x222.0ml,4
Pepsi,8 Each,3
Pepsi,24x355ml,3
Pepsi,1 Litre,3
Pepsi,Pepsi Zero Sugar 1l,1
Pepsi,Pepsi Classic Logo Distressed Screen Print T-Shirt-Large,1
Pepsi,946 Millilitre,1
Pepsi,710ml,1
Pepsi,6 x 222ml,1
Pepsi,473ml,1
Pepsi,400g,1
Pepsi,355 Millilitre,1
Pepsi,12x355ml - cans,1
Pepsi,12x340ml,1
PepsiCo,350G,1
Pereg,454g,6
Pereg,340g,5
Pereg,with no additives.,2
Pereg,this kasha is not just an ingredient ¨C it's a celebration of health and,1
Pereg,Pereg Bulgur Farro Italian Superfood is completely natural and pareve.,1
Pereg,PANKO CRUMB FINE,1
Pereg,KASHA,1
Pereg,FARRO,1
Pereg,E-ALTRA KASHA,1
Pereg,E-ALTRA KAMUT,1
Pereg,E-ALTRA FARRO,1
Pereg,E-ALTRA BREAD CRUMB AMERICAN,1
Pereg,907g,1
Pereg,400g,1
Pereg,368g,1
Pereg,255g,1
Pereg,225g,1
Pereg,170g,1
Pereg,120g,1
Perfect Bar,71g,3
Perfect Bar,65g,3
Perfect Bar,5000g,1
Perfect Chef,350ml,2
Perfect Hydration,591ml,1
Perfect Hydration,1l,1
Perfetti Van Melle,148g,2
Perfetti Van Melle,Mentos Spearmint Gum,1
Perfetti Van Melle,Mentos Mint Rolls Cinnamon,1
Perfetti Van Melle,Mentos Gum is available in other great flavours,1
Perfetti Van Melle,Mentos Fresh Mint Gum,1
Perfetti Van Melle,Mentos CleanBreath Wintergreen,1
Perfetti Van Melle,Mentos CleanBreath Peppermint,1
Perfetti Van Melle,Mentos Chewy Mint Rolls,1
Perfetti Van Melle,Mentos Chewy Fruit Rolls,1
Perfetti Van Melle,Assorted Flavours,1
Perfetti Van Melle,4 pack,1
Perma Blend,Perma Blend Apricot 1/2oz,1
Peroni,6x330.0ml,2
Peroni,6 Each,1
Peroni,500ml,1
Perrier,8x330.0ml,19
Perrier,1l,12
Perrier,6x500.0ml,6
Perrier,6x1.0l,6
Perrier,4x250.0ml,3
Perrier,8x330ml,2
Perrier,6x500ml,2
Perrier,6x0.5l,2
Perrier,6 Each,2
Perrier,PERRIER GRPF 8X330ml,1
Perrier,Forever Pineapple1 Litre,1
Perrier,Forever Lychee8 Each,1
Perrier,E-PERRIER PERRIER lIME 8X330ml,1
Perrier,E-PERRIER PERRIER RG 8X330ml,1
Perrier,E-PERRIER PERRIER GRPF 8X330ml,1
Perrier,E-PERRIER PERRIER GNlM 8X330ml,1
Perrier,6x1l,1
Perrier,6 x 500ml Bottles,1
Perrier,6 x 1l,1
Perrier,4x330ml,1
Perrier,4x330.0ml,1
Perrier,4 x 330ml,1
Perrier,330ml,1
Perrier,330 Millilitre,1
Perrier,24x500.0ml,1
Perrier,1?l,1
Perrier,1L Bottle,1
Perrier,12x1l,1
Perrier,1 Litre,1
Perron,$4.49/100g,1
Personnelle,390g,1
Personnelle,1un,1
Perugina,150g,6
Perugina,125g,3
Perugina,250g,1
Perugina,175g,1
Pet Spaces,187g,1
Pete Authentique,320g,2
Pete Authentique,696g,1
Pete Authentique,635g,1
Pete Authentique,634g,1
Pete Authentique,628g,1
Peter's Movie Time,Make up to 800 portions,1
Petit Gourmet,400g,1
Petit Navire,220g,2
Petit Navire,169g,1
Petite Rachel's,400g,1
Pez,1un,1
Pez,16g,1
Philadelphia,227g,67
Philadelphia,340g,26
Philadelphia,250g,14
Philadelphia,450g,6
Philadelphia,227?g,2
Philadelphia,Philadelphia Original Cream Cheese Product,1
Philadelphia,Philadelphia Light Cream Cheese,1
Philadelphia,280g,1
Philadelphia,152g,1
Philippine,80g,1
Philippine Brand,250ml,7
Philippine Brand,600g,4
Philippine Brand,80g,1
Philippine Brand,567g,1
Phillips,355 Millilitre,3
Phillips,227g,1
PhillySwirl,576ml,1
PhillySwirl,12x48.0ml,1
Phoenicia,500g,2
Phoenicia,907g,1
Phoenicia,340g,1
Piano Piano,540g,1
Piano Piano,530g,1
Piano Piano,520g,1
Piano Piano,495g,1
Piaxtla,794g,1
Pickapeppa,148ml,5
"Pickup only
Save-On-Foods",1 Each,5
,,
"Pickup only
Save-On-Foods",Hot450g,1
,,
"Pickup only
Save-On-Foods",450g,1
,,
"Pickup only
Western Canadian",1 Each,1
,,
Pied-Mont Dora,STRAWBERRY-BlUEBERRY lT 500ml,1
Pied-Mont Dora,STAWB-BlACK lIGHT 500ml,1
Pied-Mont Dora,PEACHES-MANGOS-ORANGES LIGHT,1
Pied-Mont Dora,LIGHT STAWBERRY RHUBARB,1
Pied-Mont Dora,Dora light apricot 500ml,1
Pied-Mont Dora,Dora grape jelly 12-500ml,1
Pied-Mont Dora,Dora Seedless Strawberry Jam 250ml,1
Pied-Mont Dora,Dora Seedless Raspberry Jam 250ml,1
Pied-Mont Dora,Dora Grape jelly 12-500ml,1
Pied-Mont Dora,DORA STRAWBERRY JAM 500ml,1
Pied-Mont Dora,DORA RASPBERRY JAM 500ml,1
Pied-Mont Dora,DORA MORE RASP,1
Pied-Mont Dora,DORA MORE BLUE,1
Pied-Mont Dora,DORA APPlE JEllY 500ml,1
Pied-Mont Dora,DORA 3 FRUIT MARMALADE,1
Pier87,454g,2
Pier87,1.13kg,1
Pierre Bonne,250ml,8
Pierre Bonne,Jam Plum KPY,1
Pierre Bonne,Jam Pineapple KPY,1
Pierre Bonne,Jam Apple KPY,1
Pierrebonne,80g,1
Pierrebonne,355ml,1
Pierrebonne,300g,1
Pierrebonne,250g,1
Pierrebonne,180g,1
Pietro's,300g,1
Pik-Nik,Shelf,1
Pik-Nik,255g,1
Pilao,500g,1
Pilaros,1l,5
Pilaros,500ml,4
Pilaros,240g,4
Pilaros,4x60g,2
Pilaros,375ml,2
Pilaros,314ml,1
Piller's,300g,5
Piller's,2 x 175g,3
Piller's,125g,3
Piller's,900g,2
Piller's,500g,2
Piller's,375g,2
Piller's,2 x 250g,2
Piller's,2 x 200g,2
Piller's,2 x 150g,2
Piller's,175g,2
Piller's,Smoked Chicken Breast,1
Piller's,Piller¡¯s Charcuterie Red Wine Salami,1
Piller's,Herb Liverwurst,1
Piller's,Fine Liverwurst,1
Piller's,90ml,1
Piller's,600g,1
Piller's,400g,1
Piller's,3 x 200g,1
Piller's,250g,1
Piller's,250 grams,1
Piller's,200g,1
Pillers,300g,12
Pillers,375g,9
Pillers,150g,8
Pillers,250g,6
Pillers,200g,6
Pillers,125g,5
Pillers,$39.90/1kg,5
Pillers,600g,4
Pillers,500g,4
Pillers,75g,3
Pillers,$29.90/1kg,3
Pillers,90 Millilitre,2
Pillers,175g,2
Pillers,0.6kg,2
Pillers,85g,1
Pillers,450g,1
Pillers,1kg,1
Pillers,100g,1
Pillers,0.15kg,1
Pillers,$34.90/1kg,1
Pillers,$28.90/1kg,1
Pillsbury,260g,39
Pillsbury,380g,35
Pillsbury,454g,23
Pillsbury,760g,19
Pillsbury,468g,19
Pillsbury,326g,15
Pillsbury,693g,11
Pillsbury,2.85kg,11
Pillsbury,396g,10
Pillsbury,340g,9
Pillsbury,496g,8
Pillsbury,206g,6
Pillsbury,200g,6
Pillsbury,400g,5
Pillsbury,351g,5
Pillsbury,226g,5
Pillsbury,204g,5
Pillsbury,391g,4
Pillsbury,227g,4
Pillsbury,383g,3
Pillsbury,318g,3
Pillsbury,150g,3
Pillsbury,6x25g,2
Pillsbury,30un,2
Pillsbury,139g,2
Pillsbury,Pillsbury? Ready to Bake!? Sugar Cookies Snowman,1
Pillsbury,Pillsbury? Ready to Bake!? Cutout Cookies Gingerbread,1
Pillsbury,Pillsbury? Holiday Premium Edition Cookie Dough Lucky Charms,1
Pillsbury,Pillsbury ? Candy Cane Flavoured Sugar Cookie Dough,1
Pillsbury,Pillsbury Ready To Bake Sugar Cookies Sweet Hearts,1
Pillsbury,Pillsbury Ready To Bake Cutout Sugar Cookies Heart,1
Pillsbury,Original226g,1
Pillsbury,Marshmallows1 Each,1
Pillsbury,Hawaiian Pineapple Bacon Flavor380g,1
Pillsbury,Beef and Cheese Flavour380g,1
Pillsbury,90 Each,1
Pillsbury,8 ct,1
Pillsbury,50 Each,1
Pillsbury,462g,1
Pillsbury,4 Each,1
Pillsbury,383?g,1
Pillsbury,312g,1
Pillsbury,30 count,1
Pillsbury,3 Cheese Flavour380g,1
Pillsbury,3 Cheese Flavor8 Each,1
Pillsbury,260 Each,1
Pillsbury,1un,1
Pillsbury,12 Cookies,1
Pilly's,850g,1
Pilly's,1400g,1
Pilsner Urquell,500ml,1
Pinkfong,Baby Shark Hooded Towel Wrap,1
Pinoy Fiesta,350g,3
Pinty's,780g,15
Pinty's,790g,8
Pinty's,750g,3
Pinty's,765g,1
Pinty's EatWell,Eat Well Pinty's Chicken Cutlettes,1
Pinty's EatWell,Chicken Nuggets Eat Well from Pinty's,1
Pinty's EatWell,Buffalo Chicken Flings Eat Well from Pinty's,1
Piper's Pies,750g,1
Pipore,1kg,1
Pistachios,Bulk100g,2
Pit Caribou,473ml,1
Pita Bites,142g,2
Pita Break,450g,10
Pita Break,312g,4
Pita Break,480g,2
Pita Delight,460g,1
Pitted,100g,1
Pizza Oggi,390g,2
Pizza Oggi,452g,1
Pizza Oggi,450g,1
Pizza Oggi,250g,1
Pizzeria Libretto,528g,2
Pizzeria Libretto,590g,1
Plaisirs Gastronomiques,850g,4
Plaisirs Gastronomiques,4 sausages,3
Plaisirs Gastronomiques,275g,3
Plaisirs Gastronomiques,125g,3
Plaisirs Gastronomiques,585g,2
Plaisirs Gastronomiques,540g,2
Plaisirs Gastronomiques,950g,1
Plaisirs Gastronomiques,870g,1
Plaisirs Gastronomiques,800g,1
Plaisirs Gastronomiques,715g,1
Plaisirs Gastronomiques,700g,1
Plaisirs Gastronomiques,630g,1
Plaisirs Gastronomiques,6 sausages,1
Plaisirs Gastronomiques,500g,1
Plaisirs Gastronomiques,420g,1
Plaisirs Gastronomiques,400g,1
Plaisirs Gastronomiques,300g,1
Plaisirs Gastronomiques,1?kg,1
Planet Hemp,175g,2
Planeta,500ml,1
Plant Ahead,200g,2
Plant Ahead,1kg,1
Plant Up,Plant-Based Shawarma Bites,1
Plant Up,Plant-Based Butter Chik'n Bites,1
Plant Up,Plant-Based Asian Dumplings,1
Plant Up,385g,1
Plant Up,360g,1
Plant Up,300g,1
Plant Up,288g,1
Planters,200g,20
Planters,145g,8
Planters,170g,6
Planters,600g,4
Planters,550g,3
Planters,300g,3
Planters,225g,2
Planters,1kg,2
Planters,Planters In Shell Roasted Peanuts,1
Planters,90G,1
Planters,750 Millilitre,1
Planters,475g,1
Planters,454g,1
Planters,300?g,1
Planters,2kg,1
Planters,250g,1
Planters,227g,1
Planters,2 Kg,1
Plantropy,300g,1
Plantropy,280g,1
Platinum,,7
Platinum,2 steaks per tray,1
Platinum,2 per tray,1
Platinum,2 medallions per tray,1
Platinum Grill,2 per tray,16
Platinum Grill,1 per tray,11
Platinum Grill,,11
Platinum Grill,1 roast per tray,9
Platinum Grill,3 per tray,6
Platinum Grill,4 per tray,4
Platinum Grill,1 steak per tray,4
Platinum Grill,2 medallions per tray,1
Platinum Naturals,60ea,8
Platinum Naturals,90ea,2
Platinum Naturals,120ea,2
Plochman,1l,1
Plochman's,Volume/Quantity - 85g,3
Plochman's,Volume/Quantity - 45g,3
Plochman's,Seasoning for all kinds of food.,3
Plochman's,Volume/Quantity - 95g,2
Plochman's,Volume/Quantity - 90g,2
Plochman's,Volume/Quantity - 65g,2
Plochman's,Volume/Quantity - 60g,2
Plochman's,Volume/Quantity - 55g,2
Plochman's,Volume/Quantity - 180g,2
Plochman's,Volume/Quantity - 105g,2
Plochman's,Volume 1.2kg,2
Plochman's,tartar cream,1
Plochman's,Volume/Quantity - 75g,1
Plochman's,Volume/Quantity - 70g,1
Plochman's,Volume/Quantity - 50g,1
Plochman's,Volume/Quantity - 40g,1
Plochman's,Volume/Quantity - 38g,1
Plochman's,Volume/Quantity - 35g,1
Plochman's,Volume/Quantity - 28g,1
Plochman's,Volume/Quantity - 20g,1
Plochman's,Volume/Quantity - 19g,1
Plochman's,Volume/Quantity - 175g,1
Plochman's,Volume/Quantity - 145g,1
Plochman's,Volume/Quantity - 142g,1
Plochman's,Volume/Quantity - 120g,1
Plochman's,Volume/Quantity - 110g,1
Plochman's,Volume/Quantity - 100g,1
Plochman's,Volume 1.20kg,1
Plochman's,Plochman's Rubbed Oregano,1
Plochman's,Canola Oil Spray,1
Plochman's,1.36kg,1
Plochman's,1 x 90g,1
Plochman's,1 x 600g,1
Pluck,15un,5
Plum-M-Good,95g,3
Podravka,80g,3
Podravka,200g,2
Podravka,65g,1
Podravka,62g,1
Podravka,58g,1
Podravka,300g,1
Pogo,600g,7
Pogo,750g,5
Pogo,1.5kg,4
Pogo,544g,3
Pogo,300g,3
Pogo,960g,2
Pogo,8 wieners,2
Pogo,560g,2
Pogo,32 wieners,2
Pogo,20 wieners,2
Pogo,10 wieners,2
Pogo,Original20 Each,1
Pogo,Original10 Each,1
Pogo,544 grams,1
Pogo,4 wieners,1
Point G,90g,3
Pointerteck,POINTERTECK Acetate Cake Collars Acetate Roll Transparent Cake Film Recyclable Cake Sheets DIY Cake Decorating Crafting for Pudding Dessert Chocolate Mousse Cake,1
Polka,750ml,7
Polka,796ml,2
Pom,6 bagels,5
Pom,10un,4
Pom,675g,3
Pom,8 buns,2
Pom,675?g,2
Pom,650g,2
Pom,6 buns,2
Pom,450g,2
Pom,8un,1
Pom,600g,1
Pom,6 rolls,1
Pom,6 English muffins,1
Pom,4 buns,1
Pom Poms Wonderful,Fresh227g,1
Pom Wonderful,473ml,2
Pom Wonderful,473 Millilitre,1
Pom Wonderful,1.4l,1
Pom Wonderful,1.4 Litre,1
Pomegranate,113g,1
Pommery,250ml,1
Ponti,250ml,6
Ponti,500ml,5
Pop Art,142g,1
Pop Daddy,212g,1
Pop Tarts,Jumbo Pack1.15kg,1
Pop Tarts,Frosted Strawberry Flavour384g,1
Pop Tarts,Frosted Chocolate Fudge Flavour384g,1
Pop Tarts,768g,1
Pop Tarts,400g,1
Pop Tarts,384g,1
Pop-Tarts,Toaster pastries,10
Pop-Tarts,384g,5
Pop-Tarts,PT STRWBRRYmlKSHK PSTRS 384GMX12,1
Pop-Tarts,PT STRWBRRY PSTRS 768GMX8,1
Pop-Tarts,PT FRSTD CHRY PSTRS 384GMX12,1
Pop-Tarts,PT CINN ROLL PSTRS BITES 400GMX8,1
Pop-Tarts,1.15kg,1
PopCorners,142g,18
PopCorners,50g,4
PopCorners,142 GM,4
PopCorners,270g,2
PopCorners,270GM,1
Popchips,142g,12
Popcorn,OrganicBulk100g,1
Popcorners,142g,7
Popcorners,50g,1
Popcorners,270g,1
Popcorners,15 Each,1
Pope,425g,4
Poppa Corn,60g,6
Poppers,45g,2
Poppers,120g,1
Poppi,355ml,23
Poppi,4x355.0ml,7
Poppi,355 Millilitre,4
Poppies,400g,1
Poppies International,4x355.0ml,1
Poppycock,300g,2
Popsicle,12 Each,3
Popsicle,12x50.0ml,2
Popsicle,24 Each,1
Popsicle,12x60ml,1
Popsicle,12x50ml,1
Popsicle,12x48ml,1
Popsicle,12x48.0g,1
Popsicle,12 x 60ml bars,1
Popsicle,12 x 50ml bars,1
Popsicle,12 bars x 60ml,1
Popsicle,12 bars x 48ml,1
Poptastic,130g,2
Portofino,585g,4
Portofino,810g,2
Portofino,700g,1
Portofino,630g,1
Portofino,600g,1
Portofino,540 g total,1
Portofino,480 g total,1
Portofino,390 g total,1
Portofino Bakery,12 Each,3
Portugallo,355ml,10
Portugallo,sell quantity 355ml,2
Portugallo,sell quanity 355ml,1
Portuguese Cheese,$2.29/100g $10.39/1lb,2
Portuguese Cheese,$2.19/100g $9.94/1lb,2
Portuguese Cheese,500g,1
Portuguese Cheese,350g,1
Portuguese Cheese,$21.90/1kg $9.94/1lb,1
Portuguese Cheese,$21.90/1kg,1
Post,525g,10
Post,311g,10
Post,340g,9
Post,635g,8
Post,440g,6
Post,326g,5
Post,550g,4
Post,425g,4
Post,400g,4
Post,396g,3
Post,365g,3
Post,625g,2
Post,368g,2
Post,310g,2
Post,WAFFLE MINIS,1
Post,POST SHREDDIES FAMILY SIZE,1
Post,Original440g,1
Post,Honey440g,1
Post,Honey Roasted340g,1
Post,453g,1
Post,1.24kg,1
Post,1.1kg,1
Post Foods,POST SHREDDIES FAMILY SIZE,2
Post Foods,Weight 326g,1
Post Foods,WAFFLE MINIS,1
Post Foods,Post Sugar Crisp Cereal 550g,1
Post Foods,Post Shreddies Original Cereal 440g,1
Post Foods,Post Honey Bunches of Oats With Almond Cereal 340g,1
Post Foods,Post Fruity Pebbles 311g,1
Post Foods,Post Cranberry Almond Crunch Jumbo Size,1
Post Foods,Post Cocoa Pebbles 311g,1
Post Foods,POST HONEYCOMB FAMILY SIZE,1
Post Foods,Honey Roasted Cereal 340g,1
Post Foods,Honey Bunches of Oats Granola Blueberry Flax 340g,1
Post Foods,E-SHREDDIES HONEY SHREDDIES,1
Post Foods,Cereal 1.1kg,1
Post Foods,Almond & Honey 368g,1
Post Foods,625g,1
Post Foods,425g,1
Post Foods,400g,1
Post Foods,365g,1
Post Foods,311g,1
Post Foods,1.24kg,1
Post Shredded Wheat,525g,1
Postobon,Colombiana soda 8 x 2l,1
Pot Noodle,90g,1
Pot of Gold,247g,2
Pot of Gold,HERSHEY'S POT OF GOLD assorted chocolates collection has been a loved tradition since 1928. This milk collection box is perfect to gift or share this holiday season.,1
Pot of Gold,HERSHEY'S POT OF GOLD assorted chocolates collection has been a loved tradition since 1928. This caramels collection box is perfect to gift or share this holiday season. Each box contains a variety of 24 delicious chocolates.,1
Pot of Gold,248g,1
Pot of Gold,245g,1
Pot of Gold,243g,1
Potato,680g,1
Potatoes,5 Pound,3
Potatoes,Jumbo970g,1
Potatoes,Fresh Bulk168.33g,1
Potatoes,Foil Wrapped4 Each,1
Potatoes,5lb Bag5 Pound,1
Potatoes,326.67g,1
Potatoes,320g,1
Potatoes,293.33g,1
Potatoes,10lb Bag10 Pound,1
Potatoes,10 lb10 Pound,1
Potatoes,10 Pound,1
Power Crunch,Power Crunch - High Protein Energy Wafer Bar Peanut Butter Fudge - 1.4 oz.,1
Power Malt,digestion,1
Powerade,710ml,23
Powerade,710 Millilitre,9
Powerade,6x591.0ml,3
Powerade,available for a limited time only,2
Powerade,Orange710 Millilitre,1
Powerade,Fruit Punch710 Millilitre,1
Powerade,6x591ml,1
Powerade,24x591ml,1
Powerade,24x591.0ml,1
Powerade,24 Each,1
Powerade ION4,710ml,6
Powerade ION4,6 x 591ml,2
Powerade ION4,24 x 591ml,1
Powerade Zero ION4,710ml,2
Praeventia,7 pouches / 210g,1
Praeventia,210g/7 pouches,1
Praeventia,210g,1
Prairie,5kg,1
Prairienaturals,60ea,7
Prairienaturals,180ea,1
Prana,150g,34
Prana,300g,19
Prana,250g,19
Prana,200g,13
Prana,120g,13
Prana,125g,5
Prana,284g,3
Prana,180g,3
Prana,400g,2
Prana,2400g,2
Prana,100g,2
Prana,Raw180g,1
Prana,Chococlate Chips120g,1
Prana,Berries120g,1
Prana,5 Each,1
Prana,350g,1
Prana,310g,1
Prana,225g,1
Prana Organic,300g,2
Prana Organic,5 x 60g (300g),1
Prasad,225g,1
Prasad Ayurveda,225g,1
Prego,645ml,9
Prego,645 Millilitre,4
Prego,1.75 Litre,2
Prego,Onion & Garlic645 Millilitre,1
Premier,680g,2
Premier,400g,2
Premier Protein,4x325ml,1
Premium Plus,450g,4
Premium Plus,900g,2
Premium Plus,500g,2
Premium Plus,225g,2
Premium Plus,481g,1
Premium Plus,225?g,1
Premium Quality Beef,A tray contains on average 450g,2
Premium Quality Beef,1 steak per tray,2
Premium Quality Beef,1 per tray,2
Premium Quality Beef,,2
Premium Quality Beef,A tray contains on average 900g,1
Premium Quality Beef,A tray contains on average 1200g,1
Premium Quality Beef,3 steaks per tray,1
Premium Quality Beef,2 steaks per tray,1
Premium Quality Beef,2 ribs per tray,1
Premium Quality Beef,1 pack,1
Premi¨¨re Moisson,500g,10
Premi¨¨re Moisson,325g,7
Premi¨¨re Moisson,4x80g,3
Premi¨¨re Moisson,700ml,2
Premi¨¨re Moisson,700g,2
Premi¨¨re Moisson,625g,2
Premi¨¨re Moisson,575g,2
Premi¨¨re Moisson,525g,2
Premi¨¨re Moisson,4x60g,2
Premi¨¨re Moisson,300g,2
Premi¨¨re Moisson,3 un - 240g,2
Premi¨¨re Moisson,2x76g,2
Premi¨¨re Moisson,1 un,2
Premi¨¨re Moisson,950g,1
Premi¨¨re Moisson,90g,1
Premi¨¨re Moisson,85.8g,1
Premi¨¨re Moisson,83g,1
Premi¨¨re Moisson,76g,1
Premi¨¨re Moisson,680g,1
Premi¨¨re Moisson,616g,1
Premi¨¨re Moisson,515g,1
Premi¨¨re Moisson,4x90g,1
Premi¨¨re Moisson,4x75g,1
Premi¨¨re Moisson,475g,1
Premi¨¨re Moisson,460g,1
Premi¨¨re Moisson,425g,1
Premi¨¨re Moisson,4 un - 240g,1
Premi¨¨re Moisson,350g,1
Premi¨¨re Moisson,328g,1
Premi¨¨re Moisson,3 un - 270g,1
Premi¨¨re Moisson,2x90g,1
Premi¨¨re Moisson,2x85.8g,1
Premi¨¨re Moisson,2x83g,1
Premi¨¨re Moisson,115g,1
"Preparation time
Bake Shop",1 Each,2
,,
"Preparation time
Bake Shop",850g,1
,,
"Preparation time
Mann's",1.53kg,1
,,
"Preparation time
Platter Tray",1 Each,1
,,
"Preparation time
Save-On-Foods",1 Each,41
,,
"Preparation time
Save-On-Foods",Small1 Each,1
,,
"Preparation time
Save-On-Foods",Serves 15-2025 Each,1
,,
"Preparation time
Save-On-Foods",Serves 12-1632 Each,1
,,
"Preparation time
Save-On-Foods",Serves 10-1420 Each,1
,,
"Preparation time
Save-On-Foods",Large - Serves 15-201 Each,1
,,
"Preparation time
Save-On-Foods",56 Each,1
,,
"Preparation time
Save-On-Foods",48 Each,1
,,
"Preparation time
Save-On-Foods",400g,1
,,
"Preparation time
Save-On-Foods",36 Piece36 Each,1
,,
"Preparation time
Save-On-Foods",36 Each,1
,,
"Preparation time
Save-On-Foods",22 Pieces1 Each,1
,,
"Preparation time
Save-On-Foods",1 Pound,1
,,
"Preparation time
Western Canadian",1 Each,2
,,
"Preparation time
Western Family",1.2kg,1
,,
"Preparation time
Western Family",1.05kg,1
,,
President,230g,3
President,220g,3
President,185g,3
President,250g,2
President,200g,2
President,150g,2
President,125x125.0g,2
President,300g,1
President,$56.90/1kg $25.82/1lb,1
President,$56.90/1kg,1
President,$46.90/1kg $21.28/1lb,1
President,$46.90/1kg,1
President's Choice,400g,143
President's Choice,500g,141
President's Choice,200g,129
President's Choice,300g,119
President's Choice,250g,83
President's Choice,454g,75
President's Choice,907g,74
President's Choice,1l,72
President's Choice,340g,67
President's Choice,350ml,60
President's Choice,12x355.0ml,58
President's Choice,100g,58
President's Choice,600g,57
President's Choice,150g,56
President's Choice,750g,52
President's Choice,500ml,50
President's Choice,350g,46
President's Choice,227g,42
President's Choice,1ea,40
President's Choice,1kg,39
President's Choice,750ml,38
President's Choice,475ml,37
President's Choice,170g,37
President's Choice,320g,36
President's Choice,20ea,36
President's Choice,400ml,35
President's Choice,1.89l,35
President's Choice,375g,34
President's Choice,700g,33
President's Choice,650ml,33
President's Choice,250ml,33
President's Choice,2l,32
President's Choice,28g,27
President's Choice,175g,27
President's Choice,1.5l,27
President's Choice,300ml,26
President's Choice,680g,25
President's Choice,142g,25
President's Choice,1.54l,24
President's Choice,946ml,23
President's Choice,140g,23
President's Choice,1.13kg,23
President's Choice,800g,21
President's Choice,280g,21
President's Choice,275g,18
President's Choice,900g,16
President's Choice,650g,16
President's Choice,4x100.0g,16
President's Choice,450g,16
President's Choice,360g,16
President's Choice,225g,16
President's Choice,12ea,16
President's Choice,375ml,15
President's Choice,48ml,14
President's Choice,240g,14
President's Choice,180g,14
President's Choice,113g,14
President's Choice,$8.80/1kg $3.99/1lb,14
President's Choice,80g,13
President's Choice,540ml,13
President's Choice,480g,13
President's Choice,336g,13
President's Choice,210g,13
President's Choice,$11.00/1kg $4.99/1lb,13
President's Choice,6x222.0ml,12
President's Choice,6x100.0ml,12
President's Choice,30ea,12
President's Choice,24g,12
President's Choice,430ml,11
President's Choice,355ml,11
President's Choice,260g,11
President's Choice,226g,11
President's Choice,220g,11
President's Choice,185g,11
President's Choice,10x200.0ml,11
President's Choice,$6.59/1kg $2.99/1lb,11
President's Choice,$25.33/1kg $11.49/1lb,11
President's Choice,730g,10
President's Choice,480ml,10
President's Choice,325ml,10
President's Choice,228g,10
President's Choice,160g,10
President's Choice,568g,9
President's Choice,560g,9
President's Choice,136g,9
President's Choice,120g,9
President's Choice,1.75kg,9
President's Choice,0.142kg,9
President's Choice,930g,8
President's Choice,72ea,8
President's Choice,6x500.0ml,8
President's Choice,65g,8
President's Choice,48ea,8
President's Choice,428ml,8
President's Choice,420g,8
President's Choice,2kg,8
President's Choice,224g,8
President's Choice,215ml,8
President's Choice,180ml,8
President's Choice,10ea,8
President's Choice,1.4kg,8
President's Choice,452g,7
President's Choice,410ml,7
President's Choice,342g,7
President's Choice,245ml,7
President's Choice,2.27kg,7
President's Choice,2.268kg,7
President's Choice,1.36kg,7
President's Choice,$28.64/1kg $12.99/1lb,7
President's Choice,$14.31/1kg $6.49/1lb,7
President's Choice,725g,6
President's Choice,6x355.0ml,6
President's Choice,6x35.0ml,6
President's Choice,574g,6
President's Choice,50g,6
President's Choice,4x90.0g,6
President's Choice,45g,6
President's Choice,430g,6
President's Choice,427g,6
President's Choice,340ml,6
President's Choice,330ml,6
President's Choice,312g,6
President's Choice,264g,6
President's Choice,185ml,6
President's Choice,165g,6
President's Choice,156g,6
President's Choice,125g,6
President's Choice,110g,6
President's Choice,0.68kg,6
President's Choice,0.454kg,6
President's Choice,0.1kg,6
President's Choice,$9.90/1kg $4.49/1lb,6
President's Choice,$4.26/1kg $1.93/1lb,6
President's Choice,$4.25/1kg $1.93/1lb,6
President's Choice,$11.00/1kg,6
President's Choice,90g,5
President's Choice,900ml,5
President's Choice,85g,5
President's Choice,75g,5
President's Choice,720g,5
President's Choice,48g,5
President's Choice,44ml,5
President's Choice,42g,5
President's Choice,41g,5
President's Choice,155g,5
President's Choice,14ea,5
President's Choice,1000g,5
President's Choice,1.8kg,5
President's Choice,1.81kg,5
President's Choice,1.42l,5
President's Choice,$19.82/1kg $8.99/1lb,5
President's Choice,$15.85/1kg $7.19/1lb,5
President's Choice,$13.21/1kg $5.99/1lb,5
President's Choice,92ml,4
President's Choice,905g,4
President's Choice,890ml,4
President's Choice,875g,4
President's Choice,850g,4
President's Choice,840g,4
President's Choice,6x60.0ml,4
President's Choice,680ml,4
President's Choice,675g,4
President's Choice,625g,4
President's Choice,620g,4
President's Choice,553g,4
President's Choice,550g,4
President's Choice,54g,4
President's Choice,51g,4
President's Choice,4x355.0ml,4
President's Choice,4l,4
President's Choice,493g,4
President's Choice,440g,4
President's Choice,425g,4
President's Choice,397g,4
President's Choice,380g,4
President's Choice,369g,4
President's Choice,368g,4
President's Choice,360ml,4
President's Choice,354ml,4
President's Choice,347g,4
President's Choice,344g,4
President's Choice,343g,4
President's Choice,334g,4
President's Choice,330g,4
President's Choice,301g,4
President's Choice,285g,4
President's Choice,284g,4
President's Choice,270g,4
President's Choice,247g,4
President's Choice,2.5l,4
President's Choice,2.5kg,4
President's Choice,172g,4
President's Choice,16x100.0g,4
President's Choice,130g,4
President's Choice,120ml,4
President's Choice,12 eggs,4
President's Choice,1.8l,4
President's Choice,1.85l,4
President's Choice,1.65l,4
President's Choice,0.4kg,4
President's Choice,0.34kg,4
President's Choice,0.312kg,4
President's Choice,$7.69/1kg $3.49/1lb,4
President's Choice,$57.30/1kg $26.00/1lb,4
President's Choice,$39.90/1kg,4
President's Choice,$26.43/1kg $11.99/1lb,4
President's Choice,$17.61/1kg $7.99/1lb,4
President's Choice,$12.10/1kg $5.49/1lb,4
President's Choice,908g,3
President's Choice,710g,3
President's Choice,681g,3
President's Choice,580ml,3
President's Choice,4x100.0ml,3
President's Choice,475g,3
President's Choice,43g,3
President's Choice,40g,3
President's Choice,3l,3
President's Choice,390g,3
President's Choice,345g,3
President's Choice,290g,3
President's Choice,288g,3
President's Choice,12g,3
President's Choice,0.907kg,3
President's Choice,$5.49/1kg $2.49/1lb,3
President's Choice,$33.05/1kg $15.00/1lb,3
President's Choice,$29.90/1kg,3
President's Choice,$29.74/1kg $13.49/1lb,3
President's Choice,$24.23/1kg $10.99/1lb,3
President's Choice,$23.79/1kg $10.79/1lb,3
President's Choice,$23.13/1kg $10.49/1lb,3
President's Choice,$22.02/1kg $9.99/1lb,3
President's Choice,$21.58/1kg $9.79/1lb,3
President's Choice,$16.07/1kg $7.29/1lb,3
President's Choice,$15.41/1kg $6.99/1lb,3
President's Choice,96g,2
President's Choice,8x71.0g,2
President's Choice,860ml,2
President's Choice,822g,2
President's Choice,820g,2
President's Choice,77g,2
President's Choice,775g,2
President's Choice,772g,2
President's Choice,754g,2
President's Choice,745g,2
President's Choice,6x55.0ml,2
President's Choice,685ml,2
President's Choice,67g,2
President's Choice,640g,2
President's Choice,630g,2
President's Choice,618g,2
President's Choice,591ml,2
President's Choice,586g,2
President's Choice,576g,2
President's Choice,570g,2
President's Choice,565g,2
President's Choice,558g,2
President's Choice,550ml,2
President's Choice,53g,2
President's Choice,535g,2
President's Choice,528g,2
President's Choice,50ml,2
President's Choice,4x330.0ml,2
President's Choice,46ml,2
President's Choice,460g,2
President's Choice,45ml,2
President's Choice,455g,2
President's Choice,44g,2
President's Choice,432g,2
President's Choice,425ml,2
President's Choice,421g,2
President's Choice,415g,2
President's Choice,413g,2
President's Choice,405g,2
President's Choice,4.54kg,2
President's Choice,3kg,2
President's Choice,398g,2
President's Choice,395g,2
President's Choice,37g,2
President's Choice,379g,2
President's Choice,374g,2
President's Choice,373g,2
President's Choice,36g,2
President's Choice,366g,2
President's Choice,365g,2
President's Choice,35g,2
President's Choice,338g,2
President's Choice,337g,2
President's Choice,326g,2
President's Choice,31g,2
President's Choice,319g,2
President's Choice,3.85kg,2
President's Choice,3.78l,2
President's Choice,2x175.0g,2
President's Choice,2x165.0g,2
President's Choice,2x120.0g,2
President's Choice,298g,2
President's Choice,297g,2
President's Choice,294g,2
President's Choice,284ml,2
President's Choice,282g,2
President's Choice,277x278.0g,2
President's Choice,253g,2
President's Choice,24x500.0ml,2
President's Choice,243.8g,2
President's Choice,23g,2
President's Choice,222ml,2
President's Choice,216g,2
President's Choice,216ea,2
President's Choice,20x1080.0g,2
President's Choice,207g,2
President's Choice,200ml,2
President's Choice,2.72kg,2
President's Choice,2.6kg,2
President's Choice,192g,2
President's Choice,190g,2
President's Choice,18l,2
President's Choice,177ml,2
President's Choice,170ml,2
President's Choice,16g,2
President's Choice,155ml,2
President's Choice,14g,2
President's Choice,148g,2
President's Choice,13g,2
President's Choice,1344g,2
President's Choice,12x500.0ml,2
President's Choice,126g,2
President's Choice,1240g,2
President's Choice,1200g,2
President's Choice,11g,2
President's Choice,1080g,2
President's Choice,1.75l,2
President's Choice,1.5kg,2
President's Choice,1.2kg,2
President's Choice,1.1kg,2
President's Choice,1.02kg,2
President's Choice,0.375kg,2
President's Choice,0.285kg,2
President's Choice,0.283kg,2
President's Choice,0.255kg,2
President's Choice,$9.46/1kg $4.29/1lb,2
President's Choice,$9.24/1kg $4.19/1lb,2
President's Choice,$66.12/1kg $30.00/1lb,2
President's Choice,$66.11/1kg $30.00/1lb,2
President's Choice,$55.09/1kg $25.00/1lb,2
President's Choice,$52.89/1kg $24.00/1lb,2
President's Choice,$50.69/1kg $23.00/1lb,2
President's Choice,$48.48/1kg $22.00/1lb,2
President's Choice,$45.90/1kg,2
President's Choice,$44.08/1kg $20.00/1lb,2
President's Choice,$43.90/1kg,2
President's Choice,$41.87/1kg $19.00/1lb,2
President's Choice,$4.39/1kg $1.99/1lb,2
President's Choice,$37.90/1kg,2
President's Choice,$34.15/1kg $15.49/1lb,2
President's Choice,$31.95/1kg $14.50/1lb,2
President's Choice,$30.85/1kg $14.00/1lb,2
President's Choice,$19.38/1kg $8.79/1lb,2
President's Choice,$18.72/1kg $8.49/1lb,2
President's Choice,$17.62/1kg $7.99/1lb,2
President's Choice,$16.95/1kg $7.69/1lb,2
President's Choice,$121.24/1kg $55.01/1lb,2
President's Choice,8x60.0g,1
President's Choice,8g,1
President's Choice,8ea,1
President's Choice,870g,1
President's Choice,82g,1
President's Choice,81g,1
President's Choice,7g,1
President's Choice,740g,1
President's Choice,737g,1
President's Choice,730ml,1
President's Choice,69g,1
President's Choice,68g,1
President's Choice,62g,1
President's Choice,56ea,1
President's Choice,512g,1
President's Choice,4ea,1
President's Choice,490g,1
President's Choice,4 pack,1
President's Choice,398ml,1
President's Choice,38g,1
President's Choice,384g,1
President's Choice,351g,1
President's Choice,339g,1
President's Choice,335g,1
President's Choice,333ml,1
President's Choice,32g,1
President's Choice,314g,1
President's Choice,30g,1
President's Choice,304g,1
President's Choice,3000ml,1
President's Choice,24x1980.0g,1
President's Choice,20g,1
President's Choice,1980g,1
President's Choice,190ml,1
President's Choice,18g,1
President's Choice,17g,1
President's Choice,158g,1
President's Choice,145g,1
President's Choice,12x57.0g,1
President's Choice,125ml,1
President's Choice,1000ml,1
President's Choice,1.6l,1
President's Choice,1.6kg,1
President's Choice,1.66kg,1
President's Choice,1.5ea,1
President's Choice,1.5 lb bag,1
President's Choice,0.42kg,1
President's Choice,0.35kg,1
President's Choice,0.225kg,1
President's Choice,$9.90/1kg,1
President's Choice,$9.68/1kg $4.39/1lb,1
President's Choice,$8.82/1kg $4.00/1lb,1
President's Choice,$8.81/1kg $4.00/1lb,1
President's Choice,$68.32/1kg $31.00/1lb,1
President's Choice,$6.61/1kg $3.00/1lb,1
President's Choice,$59.50/1kg $27.00/1lb,1
President's Choice,$50.68/1kg $22.99/1lb,1
President's Choice,$49.90/1kg,1
President's Choice,$44.07/1kg $20.00/1lb,1
President's Choice,$42.97/1kg $19.50/1lb,1
President's Choice,$4.49/1kg $2.04/1lb,1
President's Choice,$39.66/1kg $17.99/1lb,1
President's Choice,$37.32/1kg,1
President's Choice,$35.25/1kg $15.99/1lb,1
President's Choice,$32.90/1kg $14.93/1lb,1
President's Choice,$32.90/1kg,1
President's Choice,$31.94/1kg $14.49/1lb,1
President's Choice,$30.84/1kg $13.99/1lb,1
President's Choice,$3.73/1kg $1.69/1lb,1
President's Choice,$29.08/1kg $13.19/1lb,1
President's Choice,$27.54/1kg $12.50/1lb,1
President's Choice,$26.65/1kg $12.09/1lb,1
President's Choice,$25.99/1kg $11.79/1lb,1
President's Choice,$25.90/1kg $11.75/1lb,1
President's Choice,$25.90/1kg,1
President's Choice,$24.21/1kg $10.98/1lb,1
President's Choice,$23.35/1kg $10.59/1lb,1
President's Choice,$22.69/1kg $10.29/1lb,1
President's Choice,$20.92/1kg $9.49/1lb,1
President's Choice,$19.72/1kg $8.95/1lb,1
President's Choice,$18.71/1kg $8.49/1lb,1
President's Choice,$18.28/1kg $8.29/1lb,1
President's Choice,$18.06/1kg $8.19/1lb,1
President's Choice,$17.60/1kg $7.99/1lb,1
President's Choice,$16.51/1kg $7.49/1lb,1
President's Choice,$15.43/1kg $7.00/1lb,1
President's Choice,$15.40/1kg $6.99/1lb,1
President's Choice,$15.19/1kg $6.89/1lb,1
President's Choice,$14.31/1kg,1
President's Choice,$13.20/1kg $5.99/1lb,1
President's Choice,$123.44/1kg $56.01/1lb,1
President's Choice,$12.10/1kg,1
President's Choice,$11.44/1kg $5.19/1lb,1
President's Choice,$11.02/1kg $5.00/1lb,1
President's Choice,$11.02/1kg,1
President's Choice,$10.78/1kg $4.89/1lb,1
Prestige,Prestige Large White Eggs,1
Pretty Ugly,375ml,2
Pretzilla,4un,1
Pretzilla,349g,1
Pride Of Arabia,907g,2
Prigat,200g,4
Prigat,450g,1
Prigat,180g,1
Prima,85g,4
Prima,70g,2
Prima,28g,2
Prima,213g,2
Prima,99g,1
Prima,77g,1
Prima,6g,1
Prima,57g,1
Prima,48g,1
Prima,255g,1
Prima Marketing,Prima Marketing CP635-336 Lark Green Redesign Chalk Paste,1
Primal Kitchen,237ml,3
Primal Kitchen,355ml,2
Primal Kitchen,237 Millilitre,2
Primal Kitchen,355 Millilitre,1
Primal Kitchen,300 Millilitre,1
Prime,700g,14
Prime,568g,7
Prime,,5
Prime,PLCHD cont-3rd party agency,3
Prime,454g,3
Prime,355ml,3
Prime,Value Pack,2
Prime,8 Thighs,2
Prime,695g,2
Prime,2 per tray,2
Prime,1kg,2
Prime,1 Whole Chicken,2
Prime,8-10 Drumsticks,1
Prime,6-8 Thighs,1
Prime,5 per tray,1
Prime,5 Drumsticks,1
Prime,5 Breasts,1
Prime,4 per tray,1
Prime,4 Thighs,1
Prime,3 Breasts,1
Prime,2 Breasts,1
Prime,16 pieces,1
Prime,0.75kg,1
Prime Hydratation,500ml,6
Prime Hydration,500ml,13
Prime Hydration,355ml,3
Primo,680ml,21
Primo,900g,17
Primo,540ml,12
Primo,375ml,5
Primo,796ml,4
Primo,500g,3
Primo,375g,3
Primo,375 Millilitre,2
Primo,250g,2
Primo,213ml,2
Primo,213 Millilitre,2
Primo,Spaghettini,1
Primo,SPAGHETTI,1
Primo,Primo Passata di Pomodoro Strained Tomatoes Pasta Sauce,1
Primo,Penne Rigate,1
Primo,PRIMO TOMATO PASTE,1
Primo,Org Pasta Sce,1
Primo,Linguine,1
Primo,Herb & Spice,1
Primo,Gar and Her Sce,1
Primo,Fusilli,1
Primo,Elbow,1
Primo,Diced Tomatoes,1
Primo,Crushed Tomato,1
Primo,CANNED BEANS - WHITE KIDNEY BEANS- 540ml,1
Primo,CANNED BEANS - RED KIDNEY BEANS - 540ml,1
Primo,CANNED BEANS - RED KIDNEY - NO SAlT ADDED - 540ml,1
Primo,CANNED BEANS - MIXED BEANS - 540ml,1
Primo,CANNED BEANS - CHICK PEAS - NO SAlT ADDED - 540ml,1
Primo,CANNED BEANS - CHICK PEAS - 540ml,1
Primo,CANNED BEANS - BlACK BEANS - NO SAlT ADDED - 540ml,1
Primo,CANNED BEANS - BlACK BEANS - 540ml,1
Primo,340g,1
Primo,18.9l,1
Primo,18.9 Litre,1
Primo Foods,375ml,1
Primo Water,18.9l,1
Primula,French Press,1
Prince of Peace,113g,6
Pringles,156g,54
Pringles,203g,8
Pringles,155g,6
Pringles,148g,6
Pringles,228g,4
Pringles,194g,4
Pringles,12x19g,4
Pringles,608g,3
Pringles,PRG MNGLS CA SHWTCDRRCH PFD SNKS 155GMX6,2
Pringles,PRG MNGLS CA DL PKL RCH PFD SNKS 155GMX6,2
Pringles,PRG MNGLS CA CHDR&SRCRM PFD SNKS 155GMX6,2
Pringles,32x19g,2
Pringles,202g,2
Pringles,12 Each,2
Pringles,Scorchin' Buffalo156g,1
Pringles,PRG CA SCRCHN BUFFLO PTO CHIPS 156GMX14,1
Pringles,PRG CA HT HNY PTO CHIPS 156GMX14,1
Pringles,PRG CA CHL CHSE FRS PTO CHIPS 156GMX14,1
Pringles,PRG CA ALL DRSD PTO CHIPS 156GMX14,1
Pringles,Chili Cheese1 Each,1
Pringles,Cheddar Cheese Flavour203g,1
Pringles,Cheddar & Sour Cream Flavour156g,1
Pringles,All Dressed156g,1
Pringles,37g,1
Pringles,32 X 19g,1
Probar,85g,3
Probar,70g,3
Probar,12X70g,2
Probar,12x85g,1
Probar,0.07kg,1
Produce Counter,400g,1
Produce Counter,400ea,1
Profi,130g,2
Progressive,120ea,11
Progressive,30ea,6
Progressive,200ml,3
Progressive,90ea,2
Progressive,500ml,2
Progressive,900g,1
Progressive,60ea,1
Progressive,530g,1
Progressive,45g,1
Progressive,265g,1
Progressive,255g,1
Progressive,242g,1
Promise,480g,10
Promise,400g,4
Promise,4 Each,4
Promise,280g,1
Promise,280 g total,1
Promise,260g,1
Promise,260 g total,1
Promise,248 g total,1
Promise,240g,1
Promise,240 g total,1
Promise,210g,1
Promise,168 g total,1
Promise Gluten Free,480g,9
Promise Gluten Free,400g,9
Promise Gluten Free,280g,4
Promise Gluten Free,260g,3
Promise Gluten Free,320g,2
Promise Gluten Free,160g,2
Promise Gluten Free,284g,1
Promise Gluten Free,210g,1
Promise Gluten Free,168g,1
Propel,6x500ml,4
Propel,6x500.0ml,4
Propel,6 Each,2
Propel,591ml,2
Provisions,125ml,7
Provisions Food Company,90g,3
Provisions Food Company,250ml,1
Prunes,Bulk100g,1
Prymat,8g,1
Prymat,6g,1
Prymat,30g,1
Prymat,200g,1
Pr¨¦sident,150g,3
Pr¨¦sident,125g,3
Pr¨¦sident,250g,2
Pr¨¦sident,230g,2
Pr¨¦sident,220g,2
Pr¨¦sident,200g,2
Pr¨¦sident,185g,1
Pr¨¦sident,100?g,1
Pr¨¦sident,100g,1
Pr¨¦sident,1 piece,1
Pr¨¦sident,,1
Puchao,100g,3
Puck,180g,3
Puck,160g,3
Puck,500g,1
Puck,400g,1
Pukka,20ea,7
Pukka,20un,6
Pulp & Press,355ml,7
Pulp & Press,70ml,1
Pulp and Press,355ml,4
Pulp and Press,4x70.0ml,2
Pumpkin,1 Each,3
Pumpkin,Fresh1 Each,1
Pumpkins,1 Each,1
Pur,718ml,1
Pur Gum,80g,5
Pur Gum,81g,2
Pur Gum,30g,2
Pur Gum,0.077kg,2
Pur Gum,77g,1
Pur Vodka,330g,1
Pure Food,255g,6
Pure Food,280ml,2
Pure Food,198g,1
Pure Food,141g,1
Pure Fresh,350g,1
Pure J.L. Kraft,355ml,11
Pure J.L. Kraft,355 Millilitre,10
Pure J.L. Kraft,Basil & Parsley Dressing & Marinade355 Millilitre,1
Pure Le Natural,450ml,3
Pure Le Natural,400g,2
Pure Le Natural,250g,2
Pure Le Natural,60ea,1
Pure Le Natural,30ml,1
Pure Le Natural,15ml,1
Pure Leaf,547ml,19
Pure Leaf,1.75l,10
Pure Leaf,1.75?l,3
Pure Leaf,Pure leaf Blackberry Iced Tea 547ml,1
Pure Life,1l,11
Pure Life,6x500ml,4
Pure Life,24x500.0ml,4
Pure Life,24x500ml,3
Pure Life,1?l,3
Pure Life,1.5l,3
Pure Life,500ml,2
Pure Life,12x710ml,2
Pure Life,12x500ml,2
Pure Life,12x330.0ml,2
Pure Life,710ml,1
Pure Life,710 Millilitre,1
Pure Life,500 Millilitre,1
Pure Life,24 Each,1
Pure Life,12x710.0ml,1
Pure Life,12x500.0ml,1
Pure Life,12x330ml,1
Pure Life,12 Each,1
Pure Life,1.5?l,1
Pure Life,1.5 Litre,1
Pure North Energy,355ml,3
Pure Protein,6x50g,2
Pure Via,48ml,1
PurePlate Creations,4 oz,4
Puritan,410g,7
Puritan,425g,3
Purity,400g,2
Purity,350g,2
Purity,625g,1
Purity,425g,1
Purity,300g,1
Purplesful,136g,1
Purplesful Snacking,136g,3
Putter's,1l,3
Putter's,750ml,2
Pzazz,200g,3
P?R,1un,11
P?R,80g,1
P?te 2000,580g,3
P?te 2000,250ml,1
P¨ºcherie Manicouagan,200g,1
P¨ºcherie Manicouagan,130g,1
P¨¹r,55un,3
P¨¹r Coco,1l,2
P¨¹r Coco,4x330ml,1
QP,517ml,2
QUAKER,5 Each,15
QUAKER,Brown Rice Chips100g,5
QUAKER,4 Each,5
QUAKER,100g,5
QUAKER,120g,4
QUAKER,Family Size215g,3
QUAKER,40 Each,3
QUAKER,30 Each,3
QUAKER,240g,3
QUAKER,170g,3
QUAKER,Cocoa Crunch Rice Chips90g,2
QUAKER,960g,2
QUAKER,900g,2
QUAKER,6 Each,2
QUAKER,264g,2
QUAKER,228g,2
QUAKER,210g,2
QUAKER,1kg,2
QUAKER,150g,2
QUAKER,Variety Pack30 Each,1
QUAKER,Tortilla Farmhouse Cheddar Brown Rice Chips100g,1
QUAKER,Salted Caramel Rice Chips90g,1
QUAKER,Regular168g,1
QUAKER,Protein650g,1
QUAKER,Oatmeal Chocolate Chip900g,1
QUAKER,Oat Flour725g,1
QUAKER,Low Fat Oatmeal900g,1
QUAKER,Cinnamon455g,1
QUAKER,Chewy Strawberry Fruit Crumble5 Each,1
QUAKER,Chewy Strawberry Fruit Crumble120g,1
QUAKER,Chewy Chocolatey Fun Value Pack960g,1
QUAKER,Chewy Chocolatey Fun Value Pack40 Each,1
QUAKER,Cheddar Multipack18g,1
QUAKER,Bulk100g,1
QUAKER,Bran900g,1
QUAKER,Blueberry Buttermilk900g,1
QUAKER,Banana Nut6 Each,1
QUAKER,All Dressed Flavour Brown Rice Chips100g,1
QUAKER,8 Each,1
QUAKER,709g,1
QUAKER,700g,1
QUAKER,694g,1
QUAKER,680g,1
QUAKER,511g,1
QUAKER,510g,1
QUAKER,500g,1
QUAKER,475g,1
QUAKER,450g,1
QUAKER,400g,1
QUAKER,350g,1
QUAKER,344g,1
QUAKER,314g,1
QUAKER,304g,1
QUAKER,300g,1
QUAKER,280g,1
QUAKER,232g,1
QUAKER,2.25kg,1
QUAKER,199g,1
QUAKER,18 Each,1
QUAKER,175g,1
QUAKER,173g,1
QUAKER,168g,1
QUAKER,156g,1
QUAKER,140g,1
QUAKER,127g,1
QUAKER,12 Each,1
QUAKER,1.54kg,1
QUAKER,1.4kg,1
QUAKER,",Chocolate & Almond Granola Cereal352g",1
QUAKER,",Chocolate & Almond Granola Cereal325g",1
QUAKER,",228g",1
QUAKER BAKING MIXES,900g,2
QUALITY NATURAL,Naural Honey,1
Qaailabf,Qaailabf Clearance Sales Today Deals Prime Kitchen Pot and Seasoning Bottle Sea Pepper Powder Telescopic Seasoning Can Spoon Cover Integrated,1
Qaailabf,Qaailabf Clearance Sales Today Deals Prime Dispenser Snacks of Dispenser Portable Snacks Sweets 9.5 Ounces for Dispenser Snacks Less Than 0.7 Inch,1
Qaailabf,Fruit Food Candy Stand for Christmas,1
Qi'a,6x38g,1
Qi'a,228g,1
Qilla,4.54kg,1
Qilla,10 Pound,1
Qiopertar,bo?te de bonbons de No?l bo?te - cadeau de No?l bo?te - cadeau de No?l emballage cadeau nouvel an mignon bo?te d'emballage,3
Qiopertar,bo?te de rangement d'assaisonnement Multi - compartiments avec couvercle,2
Qiopertar,Powder Spreading Bot,2
Qiopertar,trou de vapeur tr¨¨s serr¨¦. Po¨ºle ¨¤ nouilles double paroi en acier inoxydable. Ramen ordinaire pr¨ºt - ¨¤ - manger ¨¤ l'eau chaude,1
Qiopertar,oreille suspendue moins de 5 $?conomisez jusqu'¨¤ 90%,1
Qiopertar,mini bo?te d'¨¦pices rendra les ¨¦pices discr¨¨tes plus int¨¦ressantes,1
Qiopertar,mini bo?te d'¨¦pices rendra les ¨¦pices discr¨¨tes plus int,1
Qiopertar,les champignons et les,1
Qiopertar,le sala,1
Qiopertar,hidratantes y activos moins de 5 $?conomisez jusqu'¨¤ 90% Clearing livraison gratuite,1
Qiopertar,g?teau de No?l ?conomisez jusqu'¨¤ 90%,1
Qiopertar,d¨¦coration de g?teau de sucre et gravure moins de 5 $?conomisez jusqu'¨¤ 90% Clearing livraison gratuite,1
Qiopertar,des bonbons et d'autres petits cadeaux moins de 5 $?conomisez jusqu'¨¤ 90%,1
Qiopertar,cuisson au four,1
Qiopertar,cuidado dental Offre de moins de 5 $cette semaine,1
Qiopertar,consolidar los dientes y refrescarse,1
Qiopertar,brosse ¨¤ huile barbecue moins de 5 $?conomisez jusqu'¨¤ 90% Clearing livraison gratuite,1
Qiopertar,brosse ¨¤ huile barbecue Offres pour moins de 5 $cette semaine,1
Qiopertar,bonbons et sucre brun en poudre moins de 5 $?conomisez jusqu'¨¤ 90%,1
Qiopertar,ar?mes confortables de caf¨¦ et de lait pour toutes les occasions,1
Qiopertar,Qiopertar ?conomisez Tout le riz de bl¨¦ seau mural de stockage de riz hors m¨¨tre Livraison gratuite jusqu'¨¤ 5 $cette semaine,1
Qiopertar,Qiopertar ?conomisez Spatule spatule ¨¤ pizza ¨¤ large bouche spatule ¨¤ steak spatule antiadh¨¦sive spatule ¨¤ cr¨ºpes Livraison gratuite jusqu'¨¤ 5 $cette semaine Livraison gratuite,1
Qiopertar,Qiopertar ?conomisez P?ques 8 cavit¨¦s moule bricolage chocolat Cupcake g?teau muffin moule de cuisson Livraison gratuite jusqu'¨¤ 5 $cette semaine,1
Qiopertar,Qiopertar ?conomisez Planche de surf slide pad multicolore optionnel planche de surf slide pad Eva Yacht slide pad Livraison gratuite jusqu'¨¤ 5 $cette semaine Livraison gratuite,1
Qiopertar,Qiopertar ?conomisez Feuilles de tortue Fudge Cake Decoration Chocolate Sugar Craft outils de cuisson Livraison gratuite jusqu'¨¤ 5 $cette semaine,1
Qiopertar,Qiopertar ?conomisez DIY Baking Fudge cake outils de cuisson cake lacets Livraison gratuite jusqu'¨¤ 5 $cette semaine,1
Qiopertar,Qiopertar ?conomisez Chocolat sucre tournage moule 6 cavit¨¦s coeur moule bricolage chocolat Cupcake muffin moule de cuisson Livraison gratuite jusqu'¨¤ 5 $cette semaine Livraison gratuite,1
Qiopertar,Qiopertar ?conomisez Chocolat bonbons moule g?teau brownie moule de cuisson Livraison gratuite jusqu'¨¤ 5 $cette semaine,1
Qiopertar,Qiopertar ?conomisez Armoire de verrouillage magn¨¦tique pour enfants b¨¦b¨¦ tiroir invisible Lock cuisine Livraison gratuite jusqu'¨¤ 5 $cette semaine Livraison gratuite,1
Qiopertar,Qiopertar ?conomisez Arbre de No?l g?teau cadeau de No?l collection de No?l bricolage outils de cuisson Livraison gratuite jusqu'¨¤ 5 $cette semaine Livraison gratuite,1
Qiopertar,Qiopertar ?conomisez Anniversaire Digital cake Pizza Pot cuisson g?teau pain cuisine DIY moule Livraison gratuite jusqu'¨¤ 5 $cette semaine,1
Qiopertar,Qiopertar ?conomisez 80mm Mini plastique ¨¦tudiant curseur coulissant caliper outil de mesure Livraison gratuite jusqu'¨¤ 5 $cette semaine,1
Qiopertar,Qiopertar ?conomisez 50 sachets de th¨¦ vides Brochettes de papier filtre thermique Grass Pine Tea Pack Livraison gratuite jusqu'¨¤ 5 $cette semaine Livraison gratuite,1
Qiopertar,Qiopertar ?conomisez 10pc boucle fixe escalade porte - fleurs poteau connexion boucle Livraison gratuite jusqu'¨¤ 5 $cette semaine,1
Qiopertar,Qiopertar Villain Tea Craft filtre silicone Tea Craft s¨¦parateur Tea Craft Office Tea Craft Creative nouveaut¨¦ Tea Craft filtre moins de 5 $?conomisez jusqu'¨¤ 90%,1
Qiopertar,Qiopertar Vente de liquidation Queue Pointue Brosse ? Bouteille D'huile Multifonctionnel Barbecue Brosse ? Bouteille D'huile De Cuisine Brosse ? Huile Brosse ? Huile Cuisine Barbecue Outil,1
Qiopertar,Qiopertar Vente de liquidation Appropri¨¦ ¨¤ l'agrafe multifonctionnelle de cachetage de sac de nourriture de poudre de caf¨¦ Quatre cuill¨¨res deux de caf¨¦ dans une cuill¨¨re de mesure de lait en poudre,1
Qiopertar,Qiopertar Vaporisateur de chaleur ¨¦lectrique BBQ po¨ºle ¨¤ frire huile d'olive vaporisateur bouteille de vaporisateur domestique vaporisateur r¨¦ducteur de brouillard,1
Qiopertar,Qiopertar Ustensiles de cuisine bouteille d'assaisonnement bouteille de sauce tomate bouteille de sauce salade bouteille de brosse ¨¤ huile bouteille de sauce soja bouteille d'huile,1
Qiopertar,Qiopertar Split Service Tray portable snack box avec couvercle et poign¨¦e Deli Container Sealed snack Box pour pique - nique Fun Party moins de 5 $?conomisez jusqu'¨¤ 90%,1
Qiopertar,Qiopertar Spatule anti - adh¨¦sive de qualit¨¦ alimentaire filtre ¨¤ huile cuill¨¨re avec r¨¦sistance ¨¤ la temp¨¦rature et la flexibilit¨¦ de la conception de s¨¦paration de l'huile,1
Qiopertar,Qiopertar Spatule Hot cake cr¨¨me beurre spatule agitation grattoir moins de 5 $?conomisez jusqu'¨¤ 90% Clearing livraison gratuite,1
Qiopertar,Qiopertar Silicone Tea Bag filtre ¨¤ th¨¦ silicone Tea Filter moins de 5 $?conomisez jusqu'¨¤ 90% Clearing livraison gratuite,1
Qiopertar,Qiopertar Silicone Tea Bag filtre ¨¤ th¨¦ silicone Tea Filter Clearing livraison gratuite Liquidation sp¨¦ciale cette semaine,1
Qiopertar,Qiopertar R¨¦servoir de stockage d'eau scell¨¦ transparent ¨¦tanche ¨¤ l'humidit¨¦ dans la cuisine moins de 5 $?conomisez jusqu'¨¤ 90% Clearing livraison gratuite,1
Qiopertar,Qiopertar R¨¦cipient en verre avec couvercle et cuill¨¨re bol ¨¤ poivre Pot d'¨¦pices avec cuill¨¨re r¨¦tractable et couvercle ¨¦tanche ¨¤ l'air pour conserver le sucre paprika Herbal Powder pour la cuisine,1
Qiopertar,Qiopertar R¨¦cipient de pansement pour bo?te ¨¤ lunch avec couvercle r¨¦cipient d'assaisonnement en acier inoxydable facile ¨¤ ouvrir ¨¦tanche petite trempette r¨¦utilisable,1
Qiopertar,Qiopertar R¨¦cipient de cong¨¦lation en plastique r¨¦servoir de stockage r¨¦utilisable pour la pr¨¦paration des repas. Recyclable Layer Cake Box Packaging box Fruit Packaging box cr¨¨me glac¨¦e tiramisu,1
Qiopertar,Qiopertar Po¨ºle ¨¤ frire en acier inoxydable anti - adh¨¦sif tamis ¨¤ huile outils de cuisson multiplex Packaging moins de 5 $?conomisez jusqu'¨¤ 90% Clearing livraison gratuite,1
Qiopertar,Qiopertar Pot aromatisant bo?te aromatisante tout - en - un ¨¤ quatre chambres maison pot aromatisant cuisine pot aromatisant stockage scell¨¦ pot aromatisant moins de 5 $?conomisez jusqu'¨¤ 90%,1
Qiopertar,Qiopertar Plaquettes biscuits - plaquettes de cuisson antiadh¨¦sives - plaquettes de cuisson faciles ¨¤ nettoyer et r¨¦utilisables pour la fabrication de biscuits - biscuits,1
Qiopertar,Qiopertar Multifonctionnel 5 en 1 ¨¦plucheur pinceau de l¨¦gumes ouvre - bouteille moulin ¨¤ ail moins de 5 $?conomisez jusqu'¨¤ 90% Clearing livraison gratuite,1
Qiopertar,Qiopertar Moulin ¨¤ caf¨¦ moulin ¨¤ grains ¨¦lectrique moulin ¨¤ ¨¦pices ¨¦lectrique moulin ¨¤ herbes ¨¦lectrique moulin ¨¤ ¨¦pices de grains de caf¨¦ avec 2 lames en acier inoxydable,1
Qiopertar,Qiopertar Moins de 5$ R¨¦cipient en verre avec couvercle et cuill¨¨re bol ¨¤ poivre Pot d'¨¦pices avec cuill¨¨re r¨¦tractable et couvercle ¨¦tanche ¨¤ l'air pour conserver le sucre paprika Herbal Powder po,1
Qiopertar,Qiopertar Moins de 5$ Rouleau de vinyle HTV repass¨¦ sur vinyle pour une couleur de contour facile ¨¤ couper les mauvaises herbes Offre de livraison gratuite cette semaine,1
Qiopertar,Qiopertar Moins de 5$ M¨¢quina de incienso totalmente autom¨¢tica m¨¢quina de incienso de escritorio dom¨¦stica aceite esencial interior comercial del Hotel (solo aceite esencial: 50ml),1
Qiopertar,Qiopertar Moins de 5$ Manucure bicolore solide miroir poudre carr¨¦ bicolore ongle miroir poudre titane poudre Offre de livraison gratuite cette semaine,1
Qiopertar,Qiopertar Moins de 5$ Chrysanth¨¨me Lock collier huile de tournesol goutte pendentif double couche peut ouvrir le collier de tournesol Offre de livraison gratuite cette semaine,1
Qiopertar,Qiopertar Moins de 5$ Brosse ¨¤ huile haute temp¨¦rature ¨¤ r¨¦action brosse ¨¤ huile avec bouteille cuisine cr¨ºpes barbecue boulangerie qualit¨¦ alimentaire int¨¦gr¨¦ verre brosse ¨¤ huile bouteille,1
Qiopertar,Qiopertar Moins de 5$ Bouilloire cuisine sans huile maison bouteille d'huile ¨¦paissie huile de cuisson verre sp¨¦cial aromath¨¦rapie bouilloire Cuisine Restaurant bouteille d'¨¦pices,1
Qiopertar,Qiopertar Moins de 5$ Arbre de No?l Sweet pot arbre de No?l enfants snacks biscuits bo?te de bonbons Offre de livraison gratuite cette semaine,1
Qiopertar,Qiopertar Moins de 5$ Accueil haute temp¨¦rature brosse ¨¤ huile avec bouteille cuisine qualit¨¦ alimentaire barbecue cuisson - une bouteille de brosse ¨¤ huile,1
Qiopertar,Qiopertar Moins de 5$ 5 en 1 r¨¦cipient d'¨¦pices et poivre Shaker Clear Flavor Shaker Peut filtrer le pot d'¨¦pices en bloc pour la cuisine de la maison Restaurant cuisson steak Grill,1
Qiopertar,Qiopertar Mini plat de soja assaisonn¨¦ avec poign¨¦e pour sauce tomate snacks aromatis¨¦s moins de 5 $?conomisez jusqu'¨¤ 90% Clearing livraison gratuite,1
Qiopertar,Qiopertar Livraison gratuite en acier inoxydable Spinning Whisk 12 pouces semi - automatique Whisk presse manuelle Spinning Whisk pour moins de 5 $?conomisez jusqu'¨¤ 90%,1
Qiopertar,Qiopertar Liquidation Pot d'assaisonnement ¨¤ quatre compartiments pot d'assaisonnement multifonctionnel Home ingredient combo set pot d'assaisonnement,1
Qiopertar,Qiopertar Liquidation Chrysanth¨¨me Lock collier huile de tournesol goutte pendentif double couche peut ouvrir le collier de tournesol Offres pour moins de 5 $cette semaine,1
Qiopertar,Qiopertar Liquidation Brosse ¨¤ huile haute temp¨¦rature ¨¤ r¨¦action brosse ¨¤ huile avec bouteille cuisine cr¨ºpes barbecue boulangerie qualit¨¦ alimentaire int¨¦gr¨¦ verre brosse ¨¤ huile bouteille,1
Qiopertar,Qiopertar Liquidation Bouilloire cuisine sans huile maison bouteille d'huile ¨¦paissie huile de cuisson verre sp¨¦cial aromath¨¦rapie bouilloire Cuisine Restaurant bouteille d'¨¦pices,1
Qiopertar,Qiopertar Liquidation Accueil haute temp¨¦rature brosse ¨¤ huile avec bouteille cuisine qualit¨¦ alimentaire barbecue cuisson - une bouteille de brosse ¨¤ huile,1
Qiopertar,Qiopertar Les lacunes G?teau grill¨¦ pour g?teaux et pains Offres pour moins de 5 $cette semaine ?conomisez jusqu'¨¤ 90%,1
Qiopertar,Qiopertar Les lacunes Cireuse ¨¤ chaussures ¨¦lectrique brosse machine ¨¤ chaussures portable kit d'entretien du cuir Offres pour moins de 5 $cette semaine ?conomisez jusqu'¨¤ 90%,1
Qiopertar,Qiopertar Huile cuill¨¨re cuill¨¨re ¨¤ soupe spatule s¨¦parateur d'huile cuill¨¨re cuill¨¨re ¨¤ soupe fondue filtre ¨¤ huile s¨¦par¨¦ moins de 5 $?conomisez jusqu'¨¤ 90% Clearing livraison gratuite,1
Qiopertar,Qiopertar G?teau fuuny mignon p?tisserie / biscuits / timbre autocollant Clearing livraison gratuite Liquidation sp¨¦ciale cette semaine,1
Qiopertar,Qiopertar Flash Deals of the Day Segmented Candy Box Household Nut Box Dried Fruit Box Living Room Snack Box Plastic Fruit Box Snack Box up to 65% off Gifts Clearance,1
Qiopertar,Qiopertar Flash Deals of the Day New Compartment Fruit With Lid Platter Household Candy Box Living Room Fruit Platter Snack Dried Fruit Box up to 65% off Gifts Clearance,1
Qiopertar,Qiopertar Flash Deals of the Day Fruit Tray Clear Snack Display Tray Candy Snack Tray Nut And Dried Fruit Storage Box Snack Tray For Kitchen And Party Food And Pantry Organization,1
Qiopertar,Qiopertar Flash Deals of the Day Candy Box Nut Snack Organizer Melon Dried Fruit Tray With Lid Compartment Storage Box Nut And Dried Fruit Organizer Snack Tray For Kitchen And Parties,1
Qiopertar,Qiopertar Flacon d'assaisonnement extrud¨¦ 11 OZ avec flacon d'assaisonnement chaud ¨¤ clapet huile d'assaisonnement extrud¨¦e gel liquide moins de 5 $?conomisez jusqu'¨¤ 90%,1
Qiopertar,Qiopertar Filtre ¨¤ soupe cuill¨¨re ¨¤ huile huile de cuisine filtre ¨¤ soupe pi¨¨ces s¨¦par¨¦es moins de 5 $?conomisez jusqu'¨¤ 90% Clearing livraison gratuite,1
Qiopertar,Qiopertar Filtre ¨¤ caf¨¦ filtre pliable en acier inoxydable pour toute tasse moins de 5 $?conomisez jusqu'¨¤ 90% Clearing livraison gratuite,1
Qiopertar,Qiopertar D¨¦tails sur Tea Pack Leaf Filter diffuseur Clearing livraison gratuite Liquidation sp¨¦ciale cette semaine,1
Qiopertar,Qiopertar Double couleur cuisson ensemble de trois pi¨¨ces agitation grattoir cr¨¨me grattoir brosse ¨¤ huile outils de cuisson fournitures moins de 5 $?conomisez jusqu'¨¤ 90%,1
Qiopertar,Qiopertar Dinosaur Tea set en stock Dragon Tea Pack filtre ¨¤ th¨¦ moins de 5 $?conomisez jusqu'¨¤ 90% Clearing livraison gratuite,1
Qiopertar,Qiopertar Cute human Baking gadget spatule de cuisson pour enfants ustensiles de cuisine brosse ¨¤ huile spatule batteur d'oeufs cuill¨¨re ¨¤ soupe mesure sp moins de 5 $?conomisez jusqu'¨¤ 90%,1
Qiopertar,Qiopertar Cuill¨¨re ¨¤ huile de filtre en acier inoxydable cuill¨¨re ¨¤ huile de filtre multifonction en acier inoxydable maille fine filtre ¨¤ huile moins de 5 $?conomisez jusqu'¨¤ 90%,1
Qiopertar,Qiopertar Clearing livraison gratuite Probi¨®ticos pasta de dientes blanca brillante pasta de dientes blanca fresca tono fresco pasta de dientes blanca 120g,1
Qiopertar,Qiopertar Clearing livraison gratuite Manucure bicolore solide miroir poudre carr¨¦ bicolore ongle miroir poudre titane poudre Offre de moins de 5 $cette semaine,1
Qiopertar,Qiopertar Clearing livraison gratuite Accueil haute temp¨¦rature brosse ¨¤ huile avec bouteille cuisine qualit¨¦ alimentaire barbecue cuisson - une bouteille de brosse ¨¤ huile,1
Qiopertar,Qiopertar Clearance Sale Round Household Dipping Seasoning Dish Made Of Straw Deals of the Week under $5,1
Qiopertar,Qiopertar Clearance Home Decor Segmented Candy Box Household Nut Box Dried Fruit Box Living Room Snack Box Plastic Fruit Box Snack Box under $2 Saving Up To 99% Off,1
Qiopertar,Qiopertar Clearance Home Decor Kitchen Pot And Seasoning Bottle Sea Pepper Powder Telescopic Seasoning Can Spoon Cover Integrated under $2 Saving Up To 99% Off,1
Qiopertar,Qiopertar Clearance Home Decor Human Shaped Tea Filter Tea Making Machine Stainless Steel Tea Glass Tea Making Machine Tea Filter Creative Tea Glass under $2 Saving Up To 99% Off,1
Qiopertar,Qiopertar Clearance Home Decor Easter Lovely Rabbit Tea Bag Hanging Fixed Tea Bag Fixed Tea Bag Tea Cup Wall Decoration Rabbit Differentiator under $2 Saving Up To 99% Off,1
Qiopertar,Qiopertar Clearance Home Decor Dinosaur Tea Maker Stock Dragon Tea Bag Tea Filter under $2 Saving Up To 99% Off,1
Qiopertar,Qiopertar Clearance Home Decor Cream Horn Model Stainless Steel Roll Flared Danish Croissant Model under $2 Saving Up To 99% Off,1
Qiopertar,Qiopertar Clearance Home Decor Birthday Cake Baking Decoration Aerospace 3-piece Set Astronaut Astronaut Star System Cake Decoration Car Decoration On Clearance Early Access Deals,1
Qiopertar,Qiopertar Clearance Home Decor 100pcs Empty Teabags String Heat Filter Paper Herb Loose Tea Bag under $2 Saving Up To 99% Off,1
Qiopertar,Qiopertar Clearance Free Shipping Whole Grains Rice Bucket Wall-Mounted Rice Storage Tank Out Rice under $5 Saving Up To 90% Off,1
Qiopertar,Qiopertar Clearance Free Shipping Love Ice Cream Popsicle Making Popsicle Stick Ice Cream under $5 Saving Up To 90% Off,1
Qiopertar,Qiopertar Clearance Free Shipping Lollipop Silica Gel Can Be Reused The Silica Gel Is Matched With The Lollipop under $5 Saving Up To 90% Off,1
Qiopertar,Qiopertar Clearance Free Shipping Ice Cream Molds Home Make Popsicle Popsicle Diy Ice Cream Frozens Ice Block Box Ice Cream Ice Box Homemade Ice Box Popsicle under $5 Saving Up To 90% Off,1
Qiopertar,Qiopertar Clearance Free Shipping Ice Cream Food Grade Home Children's Homemade Ice Cream Refrigerator Popsicle Popsicle Ice Cream Popsicle under $5 Saving Up To 90% Off,1
Qiopertar,Qiopertar Clearance Free Shipping DIY Ice Cream Making Ice Box Popsicle under $5 Saving Up To 90% Off,1
Qiopertar,Qiopertar Clearance Free Shipping Cream Horn Model Stainless Steel Roll Flared Danish Croissant Model under $5 Saving Up To 90% Off,1
Qiopertar,Qiopertar Clearance Free Shipping Candy Box Nut Snack Organizer Melon Dried Fruit Tray With Lid Compartment Storage Box Nut And Dried Fruit Organizer Snack Tray For Kitchen And Parties,1
Qiopertar,Qiopertar Clearance 65% Off Segmented Candy Box Household Nut Box Dried Fruit Box Living Room Snack Box Plastic Fruit Box Snack Box Great gifts for less Savings,1
Qiopertar,Qiopertar Clearance 65% Off Cheese Cream Cake Cheese Cheese Shape Great gifts for less Savings,1
Qiopertar,Qiopertar Capsules de caf¨¦ r¨¦utilisables et r¨¦utilisables pour machine filtre moins de 5 $?conomisez jusqu'¨¤ 90% Clearing livraison gratuite,1
Qiopertar,Qiopertar Brosse ¨¤ huile maison assaisonnement brosse ¨¤ huile Split cuisine alimentaire brosse ¨¤ huile barbecue moins de 5 $?conomisez jusqu'¨¤ 90% Clearing livraison gratuite,1
Qiopertar,Qiopertar Brosse ¨¤ huile haute temp¨¦rature ¨¤ r¨¦action brosse ¨¤ huile avec bouteille cuisine cr¨ºpes barbecue boulangerie qualit¨¦ alimentaire int¨¦gr¨¦ verre brosse ¨¤ huile bouteille,1
Qiopertar,Qiopertar Brosse ¨¤ huile de bouteille d'huile de qualit¨¦ alimentaire avec couvercle r¨¦sistant aux temp¨¦ratures ¨¦lev¨¦es bouteille d'huile Extrusion barbecue brosse ¨¤ huile barbecue,1
Qiopertar,Qiopertar Brosse ¨¤ bouteille d'huile droite opaque barbecue barbecue brosse ¨¤ huile avec brosse gradu¨¦e outils de cuisine moins de 5 $?conomisez jusqu'¨¤ 90% Clearing livraison gratuite,1
Qiopertar,Qiopertar Brosse ¨¤ barbecue brosse ¨¤ barbecue avec bouteille brosse ¨¤ huile moins de 5 $?conomisez jusqu'¨¤ 90% Clearing livraison gratuite,1
Qiopertar,Qiopertar Brosse huile contr?l¨¦e bouteille de brosse cuisine haute temp¨¦rature transparent moins de 5 $?conomisez jusqu'¨¤ 90% Clearing livraison gratuite,1
Qiopertar,Qiopertar Bo?te d'assaisonnement cuisine quatre pi¨¨ces une cuill¨¨re ¨¤ soupe pour mettre l'assaisonnement acidifiant MSG sucre sans cha?ne bo?te de rangement d'¨¦pices bo?te d'assaisonnement pot set,1
Qiopertar,Qiopertar Bouteille d'huile verre cuisine maison quantitative ¨¦tanche grande bo?te d'¨¦pices pot d'¨¦pices haute temp¨¦rature interrupteur automatique bouilloire ¨¤ huile,1
Qiopertar,Qiopertar Bouteille d'huile maison cuisine verre bouteille d'huile bouteille d'¨¦pices pot d'aromatisation seau ¨¤ huile ¨¦tanche grande capacit¨¦ Cuisine Restaurant,1
Qiopertar,Qiopertar Bouilloire ¨¤ huile en acier inoxydable cuisine filtre ¨¤ huile tasse ¨¤ huile domestique moins de 5 $?conomisez jusqu'¨¤ 90% Clearing livraison gratuite,1
Qiopertar,Qiopertar Bouilloire cuisine sans huile maison bouteille d'huile ¨¦paissie huile de cuisson verre sp¨¦cial aromath¨¦rapie bouilloire Cuisine Restaurant bouteille d'¨¦pices,1
Qiopertar,Qiopertar Bol pliant ¨¤ trois couches assiette de fruits pliante et plat assiette de fruits pliante multicouche snacks bonbons l¨¦gumes stockage moins de 5 $?conomisez jusqu'¨¤ 90%,1
Qiopertar,Qiopertar Big holiday Savings! Dinosaur Tea Maker Stock Dragon Tea Bag Tea Filter Clearance Saving Up To 65% Off,1
Qiopertar,Qiopertar Big holiday Savings! DIY 4 Homemade Ice Cream Chocolate Candy With 20 Wooden Sticks Clearance Saving Up To 65% Off,1
Qiopertar,Qiopertar Big holiday Savings! Coffee Filter Cup Drip Cup Hand-brewed Coffee Cup Drip Filter Coffee Filter Cup For Hiking Camping Home Office Clearance Saving Up To 65% Off,1
Qiopertar,Qiopertar Big holiday Savings! Carton Popsicle Ice Cream Six Popsicle Box Ice Clearance Saving Up To 65% Off,1
Qiopertar,Qiopertar Big holiday Savings! 4 Popsicle Diy Ice Cream Ice Cream Clearance Saving Up To 65% Off,1
Qiopertar,Qiopertar Bac ¨¤ snacks portatif compartiment de stockage snacks Candy box moins de 5 $?conomisez jusqu'¨¤ 90% Clearing livraison gratuite,1
Qiopertar,Qiopertar Acier inoxydable filtre ¨¤ huile cuill¨¨re s¨¦parateur d'huile cuill¨¨re ¨¤ soupe cuill¨¨re s¨¦parateur de graisse moins de 5 $?conomisez jusqu'¨¤ 90% Clearing livraison gratuite,1
Qiopertar,Qiopertar Accueil fruits secs moulin ¨¤ ail moulin ¨¤ noix moulin ¨¤ noix main gingembre Grinder Clearing livraison gratuite Liquidation sp¨¦ciale cette semaine,1
Qiopertar,Qiopertar Accueil avec bouteille brosse ¨¤ huile bouteille d'huile en verre int¨¦gr¨¦ silicone brosse barbecue pinceau sp¨¦cial cuisine cr¨ºpes cuisson brosse ¨¤ huile,1
Qiopertar,Qiopertar Accueil Cuisine cuisini¨¨re Foil huile cuisson Hot clapet outils de cuisine moins de 5 $?conomisez jusqu'¨¤ 90% Clearing livraison gratuite,1
Qiopertar,Qiopertar 50 sachets de th¨¦ vides Brochettes de papier filtre thermique Grass Pine Tea Pack moins de 5 $?conomisez jusqu'¨¤ 90% Clearing livraison gratuite,1
Qiopertar,Qiopertar 5 en 1 r¨¦cipient d'¨¦pices et poivre Shaker Clear Flavor Shaker Peut filtrer le pot d'¨¦pices en bloc pour la cuisine de la maison Restaurant cuisson steak Grill,1
Qiopertar,"Qiopertar 4 compartiments r¨¦frig¨¦rateur snack Box conteneur avec couvercle compartiment plateau transparent r¨¦frig¨¦rateur bo?te de r¨¦ception plastique conteneur de stockage des aliments snack fruit,",1
Qiopertar,Qiopertar 304 en acier inoxydable approfondir l'huile chaude po¨ºle ¨¤ frire ¨¤ l'huile huile Mini po¨ºle ¨¤ huile huile huile nouilles sp¨¦ciales gouttes d'huile petit plat ¨¤ lait,1
Qiopertar,Qiopertar 3 en 1 acier inoxydable double vide Cola canette bouteille de bi¨¨re 12oz refroidisseur d'isolation avec ouvre - bouteille moins de 5 $?conomisez jusqu'¨¤ 90%,1
Qiopertar,Qiopertar 280ml brosse couvercle tout - en - un brosse bouteille d'huile r¨¦sistant ¨¤ la chaleur qualit¨¦ alimentaire barbecue brosse de cuisson huile contr?le verre bouilloire,1
Qiopertar,Qiopertar 180ml 250ml non suspendu Huile Verre ¨¦tanche cuisine Spray pot maison assaisonnement Spray pot moins de 5 $?conomisez jusqu'¨¤ 90% Clearing livraison gratuite,1
Qiopertar,Qiopertar 100 sachets de th¨¦ vides Brochettes de papier filtre thermique vanille sachets de th¨¦ en pin moins de 5 $?conomisez jusqu'¨¤ 90% Clearing livraison gratuite,1
Qiopertar,Fruit Food Candy Stand For Christmas,1
Qiopertar,8l,1
Qiopertar,0.5g Each Time under $5 Saving Up To 90% Off,1
Qiopertar,0.5g Each Time Clearance Saving Up To 65% Off,1
Qtultex,Electric milk juice drink straw new cola soda press automatic water dispenser magic tap,1
Qtultex,304 stainless steel sauce boat sauce chopsticks Western steak sauce pot sauce cup sauce jar with lid liquid seasoning bottle,1
Quaker,100g,37
Quaker,900g,26
Quaker,90g,15
Quaker,120g,15
Quaker,960g,14
Quaker,175g,11
Quaker,228g,10
Quaker,325g,8
Quaker,168g,7
Quaker,475g,6
Quaker,304g,6
Quaker,1kg,6
Quaker,156g,6
Quaker,6x20g,5
Quaker,500g,5
Quaker,5 bars,5
Quaker,470g,5
Quaker,344g,5
Quaker,264g,5
Quaker,215g,5
Quaker,150g,5
Quaker,127g,5
Quaker,1.05kg,5
Quaker,1.4kg,4
Quaker,935g,3
Quaker,900 g.,3
Quaker,709g,3
Quaker,700g,3
Quaker,694g,3
Quaker,510g,3
Quaker,450g,3
Quaker,425g,3
Quaker,400g,3
Quaker,375g,3
Quaker,314g,3
Quaker,280g,3
Quaker,199g,3
Quaker,186g,3
Quaker,155g,3
Quaker,140g,3
Quaker,1.2kg,3
Quaker,774g,2
Quaker,725g,2
Quaker,650g,2
Quaker,625g,2
Quaker,594g,2
Quaker,511g,2
Quaker,504g,2
Quaker,455g,2
Quaker,360g,2
Quaker,300g,2
Quaker,232g,2
Quaker,2.25kg,2
Quaker,196g,2
Quaker,175GM,2
Quaker,173g,2
Quaker,90 g.,1
Quaker,8x48g,1
Quaker,864g,1
Quaker,674g,1
Quaker,6 x 26GM,1
Quaker,51g,1
Quaker,512g,1
Quaker,504 GM,1
Quaker,366g,1
Quaker,350g,1
Quaker,304 GM,1
Quaker,30 x 33.5GM,1
Quaker,240g,1
Quaker,227g,1
Quaker,213g,1
Quaker,196 g.,1
Quaker,18x43g,1
Quaker,170g,1
Quaker,100G,1
QualitChoice,QualitChoice Gold Foil Leaf Holiday Cake Dessert Pastry Candy Fondant Muffins Flakes Home Bakery Food Dishes Coffee Decoration DIY Silver 3Set,1
Quality,3.63kg,6
Quality,400g,5
Quality,0.907kg,5
Quality,850g,4
Quality,9.07kg,2
Quality,800g,2
Quality,500g,2
Quality,4.55kg,2
Quality,Rice batter,1
Quality,Quality Fast Foods Super Loaded Sub,1
Quality,Quality Fast Foods Our Super Pizza Sub,1
Quality,Quality 1/4 LB Cheeseburger,1
Quality,QFF Super Pizza Sub 316 G,1
Quality,QFF Super Loaded Sub 316 G,1
Quality,Moong Dal Washed,1
Quality,Healthy and tasty,1
Quality,750g,1
Quality,4.99kg,1
Quality,4.989kg,1
Quality,4.54kg,1
Quality,230 GR,1
Quality,1kg,1
Quality,142g,1
Quality,1.81kg,1
Quality Street,TBD,1
Quality Street,65g,1
Quality Street,650g,1
Quality Street,190g,1
Quality Street,160g,1
Quantum,946ml,3
Quantum,180ea,1
Que Pasa,300g,20
Que Pasa,350g,15
Que Pasa,420ml,7
Que Pasa,156g,4
Que Pasa,130g,3
Que Pasa,Que Pasa Mild Salsa,1
Que Pasa,Grain Free Tortilla Chips,1
Que Pasa,500g,1
Que Pasa,156G,1
Queen St. Bakery,116g,5
Queen St. Bakery,464g,4
Queen St. Bakery,80g,2
Queen St. Bakery,500g,2
Queen St. Bakery,480g,1
Queen St.Bakery,500g,2
Queen St.Bakery,480g,1
Queen Street Bakery,Gluten free and vegan,1
Queen Street Bakery,425g,1
Quest,32g,3
Quest,12x60g,2
Quest,60g,1
Quest,59g,1
Quest,58g,1
Quest Nutrition,60g,2
Quest Nutrition,12x60g,1
Quest Nutrition,12x59g,1
Quest Nutrition,12x58g,1
Quick Milk,5un,2
Quinn¡¯s,400g,2
Quinn¡¯s,Quinn¡¯s Raspberries ¡®N Cream Swiss Rolls,1
Quinn¡¯s,Quinn¡¯s Chocolate Vanilla Swiss Rolls,1
Quinn¡¯s,400 g total,1
Quinoa,Bulk100g,3
Quinta,900g,1
Quinta,400g,1
Quinta Quinoa,E-QUINTA QUINOA QUINTA QUINOA,1
Quintessence,50g,1
Quintessence Caviar,50g,1
Qu¨¦bon,1l,7
Qu¨¦bon,473ml,6
Qu¨¦bon,2l,6
Qu¨¦bon,4l,2
Qu¨¦bon,237ml,2
Qu¨¦bon,225g,2
Qu¨¦bon,2 L Jug,2
Qu¨¦bon,1?l,2
Qu¨¦bon,Qu¨¦bon 2% Milk 2 Litres,1
R.W. Knudsen,946 Millilitre,3
R.W. Knudsen,750 Millilitre,1
RAISIN BRAIN FAMILY SIZE,POST RAISIN BRAIN FAMILY SIZE,1
RAISIN BRAN FAMILY SIZE,POST RAISIN BRAN FAMILY SIZE,1
RAISIN BRAN JUMBO SIZE,POST RAISIN BRAN JUMBO SIZE,1
RAISIN BRAN RETAIL SIZE,POST RAISIN BRAN RETAIL SIZE,1
RASHAYA,6/2 KG,1
RASHAYA,20/450G,1
RASHAYA,12 x 907 G,1
REALFRUIT,120 gr,2
REESE'S,REESE'S Big Cup Stuffed with REESE'S Puffs 34g,1
REID'S DAIRY,2l,2
REID'S DAIRY,2% milk,1
REID'S DAIRY,1l,1
RICE CAKES,199g,1
RICE CAKES,173g,1
RICE CAKES,140g,1
RICE CAKES,127g,1
RIGHTEOUS GELATO,Righteous Gelato Blueberry Limeade - Dairy Free Sorbetto blends the sweetness of blueberries and the tartness of fresh limeade.,1
RIGHTEOUS GELATO,RIGHTEOUS GELATO RASPBERRY LIME-Dairy Free Sorbetto made sweet with BC raspberries and slightly sour of fresh lime juice.,1
RIGHTEOUS GELATO,RIGHTEOUS GELATO MANGO PINEAPPLE-Dairy Free Sorbetto combining cold pressed pineapple juice & Alphonso mangoes for a sweet finish.,1
RISE,RISE SODA CLAS COLA,1
RISE,E-RISE RISE SODA ORNGE,1
RISE,E-RISE RISE SODA LEM LIME,1
RISE Kombucha,414ml,6
RISE Kombucha,1l,3
RITZ,180g,10
RITZ,900g,1
RITZ,350g,1
RITZ,312 g (Pack of 8),1
RITZ,27 g (Pack of 10),1
RITZ Crackers,180g,20
RITZ Crackers,240g,4
RITZ Crackers,200g,4
RITZ Crackers,900g,2
RITZ Crackers,350g,2
RITZ Crackers,312 g (Pack of 8),1
RITZ Crackers,304g,1
RITZ Crackers,270g,1
RITZ Crackers,27 g (Pack of 10),1
RITZ Crackers,212g,1
RJ's,180g,1
RO TEL,283g,4
RO*TEL,284ml,2
ROAR,Cucumber Watermelon Sports Drink,1
ROAR Organic,Organic - 532ml,2
ROAR Organic,Cucumber Watermelon Sports Drink,1
ROCKETS,E-ROCKETS ROCKETS CANDY ROll,1
RODOLFI,398ml,3
ROLD GOLD,370GM,2
ROLD GOLD,295GM,1
ROLO,52g,1
ROLO,203g,1
ROLO,0.5l,1
ROQUEFORT SOCIETE,220g,1
ROQUEFORT SOCIETE,100g,1
RT Fresh Prepared Foods Inc.,Turkey Submarine,1
RT Fresh Prepared Foods Inc.,Tuna Salad Wedge,1
RT Fresh Prepared Foods Inc.,Pizza Sub,1
RT Fresh Prepared Foods Inc.,Egg Salad Wedge,1
RT Fresh Prepared Foods Inc.,244Gr Ham Chs Sub 8 inch,1
RUF,Vanillin Sugar artificially flavoured,1
RUF,80g,1
RUGEN FISCH,190g,1
RUSTICA PIZZA,RUSTICA STUFFED CRUST SMOKY BBQ CHICKEN,1
RUSTICA PIZZA,RUSTICA STUFFED CRUST PEPPERONI PIZZA,1
RUSTICA PIZZA,RUSTICA STUFFED CRUST DELUXE PIZZA,1
RUSTICA PIZZA,RUSTICA STUFFED CRUST 3 MEAT PIZZA,1
RUSTICA PIZZA,RUSTICA SINGLES PEPPERONI PIZZA,1
RUSTICA PIZZA,RUSTICA SINGLES MEAT LOVERS PIZZA,1
RUSTICA PIZZA,RUSTICA SINGLES 3 CHEESE PIZZA,1
RUSTICA PIZZA,RUSTICA RISING CRUST SPCY CHICKEN DELUXE,1
RUSTICA PIZZA,RUSTICA RISING CRUST PEPPERONI PIZZA,1
RUSTICA PIZZA,RUSTICA RISING CRUST DELUXE PIZZA,1
RUSTICA PIZZA,RUSTICA RISING CRUST 3 MEAT PIZZA,1
RUSTICA PIZZA,RUSTICA PIZZERIA ULTIMO PIZZA,1
RUSTICA PIZZA,RUSTICA PIZZERIA SOLO PEPPERONI PIZZA,1
RUSTICA RISING CRUST 4 CHEESE PIZZA,RUSTICA RISING CRUST 4 CHEESE PIZZA,1
RW Garcia,180g,4
RXBar,52g,20
RXBar,12x52g,7
RXBar,5x52g,2
RXBar,8x26g,1
Rabbit River,12ea,1
Rabbit River Farms,12 Each,1
Rabel,150g,1
Rachel's,6 un - 480g,4
Rachel's,2 un - 160g,3
Rachel's,380g,2
Rachels Corned,1 per tray,1
Radenska,1.5l,2
Radicchio,400g,1
Radishes,Bunch1 Each,1
Raincoast,150g,7
Raincoast,160g,4
Raincoast,120g,4
Raincoast,142g,3
Raincoast Crisps,150g,6
Raincoast Global,142g,1
Raincoast Trading,160g,2
Raisin Bran Crunch Cereal 436Gx10,Raisin Bran Crunch Cereal 436Gx10,1
Raisins,Bulk100g,2
Raisins,California100g,1
Raisins,250g,1
Raisins,100g,1
Rajewan,500g,1
Raku Sushi,Raku Sushi Spicy California Roll,1
Rally,1420ml,1
Ralph's,850g,1
Ralph's,749g,1
Ralph's,680g,1
Ralph's,454g,1
Ralph's,283g,1
Ralph's,213g,1
Ralph's,1400g,1
Ramirez,120g,8
Ran Bento Sushi,340g,1
Ran Bento Sushi,125g,1
Ran Foods,70g,1
Ran Foods,3x5g,1
Rana,454g,3
Rana,1.1kg,3
Rana,Fresh pasta from Italy,2
Rana,540g,2
Rana,300g,2
Rana,250g,2
Rana,Rana Maine Lobster Ravioli,1
Rana,Fresh stuffed pasta with mushroom,1
Rana,350g,1
Rana,227g,1
Rani,240ml,3
Rao's,680ml,6
Rao's,338ml,2
Rao's,660ml,1
Rao's Homemade,660ml,2
Rap Snacks,71g,5
Rascals,Bulk100g,1
Ravine,284ml,2
Raw,Bulk1 Pound,1
Rawcology,90g,1
Rea,720g,12
Rea,650g,1
ReaLemon,945ml,1
ReaLemon,945 Millilitre,1
ReaLemon,440 Millilitre,1
ReaLemon,125ml,1
ReaLemon,125 Millilitre,1
ReaLime,440ml,1
ReaLime,440 Millilitre,1
ReaLime,125 Millilitre,1
Ready Bake,445g,2
Ready Bake,330g,2
Ready Bake,320g,2
Real Canadian,24x500.0ml,1
Real Dairy,1.5l,7
Real Dairy,1.5 LT,4
Real Foods,150g,2
Real Fruit Gummies,350g,4
Real Fruit Gummies,180g,3
Real Fruit Gummies,1KG,1
Real Fruit Gummies,100g,1
Real Lancashire,200g,1
Real Lemon,125ml,4
Real Lemon,945ml,2
Real Pops,216ml,6
Real Sips,120ml,1
Real Sips,105ml,1
Real Thai,1l,2
Realemon/Realime,945ml,1
Realemon/Realime,440ml,1
Realime,440ml,2
Realime,125ml,1
Really Good,500g,2
Rebisco,420g,2
Rebisco,380g,1
Rebisco,340g,1
Rebon,150g,2
Rebon,150g | Multiple Flavours,1
Recipes in a Jar,322g,1
Red,A bag contains on average 1000g,1
Red Band,175g,1
Red Baron,Red Baron Thin Crust Pepperoni Multi Serve Pizza,1
Red Baron,Red Baron Thin Crust 5 Cheese Multiserve Pizza,1
Red Baron,Red Baron Rising Crust Pepperoni,1
Red Baron,Red Baron Rising Crust Cheese,1
Red Baron,Red Baron Classic Crust Supreme,1
Red Baron,RED BARON Frozen Deep Dish Pepperoni Single Serve Pizza,1
Red Baron,RED BARON Frozen Classic Crust Pepperoni Multi Serve Pizza,1
Red Baron,RED BARON Frozen Classic Crust 4 Cheese Multi Serve Pizza,1
Red Baron,Pepperoni318g,1
Red Baron,665g,1
Red Baron,622g,1
Red Baron,597g,1
Red Baron,583g,1
Red Baron,",4 Cheese.318g",1
Red Bull,250ml,29
Red Bull,355ml,25
Red Bull,4x250.0ml,15
Red Bull,4x250ml,14
Red Bull,250 Millilitre,9
Red Bull,4 x 250ml,8
Red Bull,1 x 250ml,8
Red Bull,473ml,7
Red Bull,355 Millilitre,7
Red Bull,1 x 355ml,7
Red Bull,8x250.0ml,4
Red Bull,4 Each,4
Red Bull,8x250ml,3
Red Bull,8 x 250ml,3
Red Bull,473 Millilitre,3
Red Bull,1 x 473ml,3
Red Bull,Zero250 Millilitre,1
Red Bull,The Red Edition Watermelon250 Millilitre,1
Red Bull,Sugar Free250 Millilitre,1
Red Bull,Red Bull Peach 473ml,1
Red Bull,RB VP 8X250ml,1
Red Bull,8 Each,1
Red Bull,4x355ml,1
Red Bull,4x355.0ml,1
Red Bull,4x250.0ea,1
Red Bull,4X250ml,1
Red Bull,4 x 355ml,1
Red Bull,24x250.0ml,1
Red Bull,12x250ml,1
Red Bull,12x250.0ml,1
Red Bull,12 x 250ml,1
Red Bull,1 X 250ml,1
Red Crown,Organic1 Litre,1
Red Grill,2 steaks per tray,6
Red Grill,,6
Red Grill,2 per tray,5
Red Grill,1 steak per tray,5
Red Grill,1 roast per tray,5
Red Grill,1 per tray,2
Red Grill,5 short ribs per tray,1
Red Grill,2 ribs per tray,1
Red Grill,2 burger per tray,1
Red Label,RED LABEL ENSAYMADA UBE,1
Red Label,RED LABEL ENSAYMADA CHEESE,1
Red Lobster,322g,4
Red Rose,72ea,2
Red Rose,216ea,2
Red Rose,72un,1
Red Rose,72 Each,1
Red Rose,36ea,1
Red Rose,216un,1
Red Rose,216 Each,1
Red Rose,144un,1
Red Rose,144ea,1
Red Rose,144 Each,1
Red Rose,12ea,1
Red Rose Tea,Red Rose OP 72 ct,1
Red Rose Tea,Red Rose OP 216 ct,1
Red Rose Tea,Pack of 72,1
Red Rose Tea,Pack of 216,1
Red Rose Tea,12 ct Black Tea,1
Red Star,Nutritional100g,1
Red Star,24g,1
Red Vines,142g,1
Reddi Bulk,550g,2
Reddi Bulk,200g,2
Reddi Bulk,150g,2
Reddi Bulk,90g,1
Reddi Bulk,700g,1
Reddi Bulk,500g,1
Reddi Bulk,490g,1
Reddi Bulk,175g,1
Reddi Bulk,140g,1
Reddi Bulk,100g,1
Redland Farms,500g,6
Redland Farms,600g,3
Redland Farms,Whole Roasted & Unsalted500g,1
Redland Farms,Salted350g,1
Redland Farms,Roasted and Salted350g,1
Redland Farms,Roasted & Salted350g,1
Redland Farms,No Salt350g,1
Redland Farms,Natural Whole600g,1
Redland Farms,Halves & Pieces350g,1
Redland Farms,Dry Roasted and Salted500g,1
Redland Farms,Dry Roasted No Salt500g,1
Redland Farms,Blanched Roasted & Unsalted600g,1
Redland Farms,Blanched Roasted & Salted600g,1
Redland Farms,300g,1
Redmond,737g,2
Redpath,1kg,5
Redpath,500g,3
Redpath,2kg,2
Redpath Sugar,1kg,4
Redpath Sugar,500g,2
Redpath Sugar,2kg,1
Reese,79g,2
Reese,REESE'S Peanut Butter Pumpkins Halloween Candy 68G,1
Reese,REESE'S PIECES Candy - Candy Cane 39g,1
Reese,REESE'S Holiday Peanut Butter Candy Bells 161g,1
Reese,REESE'S 3D Peanut Butter Egg,1
Reese,REESE PB MINI PUFFS,1
Reese,Peanut butter and milk chocolate 595g,1
Reese,One 79 G of REESE'S Big Cup with Caramel,1
Reese,Half Pound Cup 226g,1
Reese,Christmas Chocolate Candy 34g,1
Reese,90g,1
Reese,800g,1
Reese,73g,1
Reese,68g,1
Reese,62g,1
Reese,595g,1
Reese,539g,1
Reese,51g,1
Reese,46g,1
Reese,43g,1
Reese,42g,1
Reese,34g,1
Reese,31g,1
Reese,311g,1
Reese,270g,1
Reese,212g,1
Reese,104g,1
Reese Puffs,385g,1
Reese's,170g,8
Reese's,79g,7
Reese's,165g,7
Reese's,230g,6
Reese's,800g,5
Reese's,120g,5
Reese's,212g,4
Reese's,900g,3
Reese's,210g,3
Reese's,200g,3
Reese's,161g,3
Reese's,46g,2
Reese's,390g,2
Reese's,34g,2
Reese's,238g,2
Reese's,226g,2
Reese's,184g,2
Reese's,163g,2
Reese's,124g,2
Reese's,104g,2
Reese's,Banana PB Mlk Choco,1
Reese's,73g,1
Reese's,62g,1
Reese's,595g,1
Reese's,50g,1
Reese's,400g,1
Reese's,4 * 46g,1
Reese's,39.6g,1
Reese's,270g,1
Reese's,25ct Reese's PeanutButter Cups,1
Reese's,204g,1
Reese's,163 Millilitre,1
Reese's,158g,1
Reese's,124g; 8 count,1
Reese's Puffs,120g,2
Reese's Puffs,601g,1
Reese's Puffs,385g,1
Reese's Puffs,331g,1
Reese's Puffs,326g,1
Regal,1un,4
Regal,28g,3
Regal,65 Each,2
Regal,241g,2
Regal,200g,2
Regal,1kg,2
Regal,160g,2
Regal,120g,2
Regal,Bulk100g,1
Regal,Assorted Flavour Candy Rolls65 Each,1
Regal,750g,1
Regal,6un,1
Regal,495g,1
Regal,400g,1
Regal,390g,1
Regal,31g,1
Regal,250g,1
Regal,1ea,1
Regal,165g,1
Regal,16.4g,1
Regal,113g,1
Regal,1.3kg,1
Regal Confections,450g,1
Regal Confections,400g,1
Regal Confections Inc.,28g,1
Regal Confections Inc.,225g,1
Regal Confections Inc.,11g,1
Regent,65g,5
Regent,60g,3
Regent,10un,3
Regent,100g,2
Regent,Regent Mocca Cake,1
Regent,Contents : 20 g (.7 oz) x 10 pcs,1
Regina,sell quantity 36x72g,1
Regina,72g,1
Regina Molisana,340ml,1
Regina molisana,375ml,2
Reids,150g,2
Reign,355ml,11
Reign,473ml,6
Reign,473 Millilitre,5
Reign,4x473ml,3
Reign,4x473.0ml,2
Reign,4 Each,1
Reign,355 Millilitre,1
Reign,2 Litre,1
Reign Energy,355 Millilitre,4
Reign Energy,6 Each,1
Reign Energy,473ml can,1
Reign Energy,473ml 4 pack,1
Reign Energy,473ml,1
Reign Energy,473 Millilitre,1
Reign Energy,12 Each,1
Reign Energy,1 Each,1
Reign Total Body Fuel,Rich & sweet concord grape flavour,1
Reign Total Body Fuel,Kiwifruit & green apple are the most prominent notes of this complex blend,1
Reign Total Body Fuel,Fresh Valencia orange flavor with a citrus zest aroma,1
Reign Total Body Fuel,A blend of peach & nectarine stone fruits with notes from the skin all the way to the red center,1
Reign Total Body Fuel,473ml,1
Reign Total Body Fuel,4 x 473ml,1
Reign Watches,473ml,1
Reine des Sauces,750ml,1
Reinhart,500ml,3
Reinhart's,500ml,2
Reisman's,397g,1
Reko,200g,14
Remedy,4x330.0ml,17
Remedy,4x355.0ml,15
Remedy,700ml,14
Remedy,Remedy Kombucha 4 x 330ml Peach,2
Remedy,Remedy Kombucah 4 x 330ml Cherry Plum,2
Remedy,4x330ml,2
Remedy,330ml,2
Remedy,Remedy Kombucha 4 x 330ml Wild Berry,1
Remedy,Remedy Kombucha 4 x 330ml Raspberry Lemonade,1
Remedy,Remedy Kombucha 4 x 330ml Mango Passion,1
Remedy,Remedy Kombucha 4 x 330ml Ginger Lemon,1
Remix Snacks,100g,4
Remix Snacks,iron and protein | Made with all natural ingredients without preservatives | Suitable for vegans | Made with love by dietitians!,2
Remix Snacks,70% dark chocolate,2
Renee's,350 Millilitre,1
Renee's Gourmet,750 Millilitre,2
Renees,355ml,18
Renees,350ml,13
Renees,355 Millilitre,10
Renees,750ml,6
Renees,350 Millilitre,6
Renees,42g,4
Renees,283g,2
Renew Life,30ea,7
Renew Life,60ea,1
Renew Life,1ea,1
Renew Life,14ea,1
Renew Life,120ea,1
Reno,78g,1
Reno,340g,1
Ren¨¦e's,Caesar Dressing,2
Ren¨¦e's,flavourful taste.,1
Ren¨¦e's,flavourful taste and has no artificial colours or flavours.,1
Ren¨¦e's,Sesame Vinaigrette,1
Ren¨¦e's,Ranch Dressing,1
Ren¨¦e's,Light Caesar Dressing,1
Ren¨¦e's,Light Caesar,1
Ren¨¦e's,Greek Vinaigrette,1
Ren¨¦e's,Feta Dressing,1
Ren¨¦e's,Caesar Salad Dressing,1
Ren¨¦e's,Balsamic Vinaigrette,1
Ren¨¦e's,43ml,1
Ren¨¦e's,355ml,1
Ren¨¦e's Gourmet,355ml,12
Ren¨¦e's Gourmet,43ml,9
Ren¨¦e's Gourmet,350ml,8
Ren¨¦e's Gourmet,750ml,3
Reser's,567g,5
Reser's,680g,3
Reser's,1.25kg,3
Reser's,482g,2
Reser's,475g,1
Reser's Fine Foods,1.25kg,4
Reser's Fine Foods,454g,3
Reser's Fine Foods,680g,2
Reser's Fine Foods,482g,2
Reser's Fine Foods,Reser's Fine Foods Roasted Sea Salt and Black Pepper Potatoes,1
Reser's Fine Foods,Potato Salad w/Deviled Egg,1
Reser's Fine Foods,Pasta Salad w/ bacon and ranch,1
Reser's Fine Foods,567g,1
Reser's Fine Foods,425g,1
Reser's Fine Foods,1.81kg Potato Salad,1
Reser's Main St. Bistro,680g,1
Reser's Main St. Bistro,567g,1
Resers,454g,3
Resers,567g,2
Resers,425g,1
Resers,100g,1
Resto PIZZ,Pepperoni & Cheese 765g,1
Resto PIZZ,All Dressed 800g,1
Resto PIZZ,All Dressed & Bacon 850g,1
Resto Pizz,620g,1
Resto Pizz,2x600g,1
Reynolds,36ea,2
Reynolds,60 Each,1
Reynolds,50 Each,1
Reynolds,36 cups,1
Reynolds,36 Cups,1
Ribena,850ml,4
Ribena,850 Millilitre,1
Rice,Bulk100g,5
Rice Krispies Squares,440g,1
Rice-A-Roni,227g,5
Rice-A-Roni,177g,2
Rice-A-Roni,240g,1
Rice-A-Roni,213g,1
Rice-A-Roni,175g,1
Rice-A-Roni,144g,1
Rice-A-Roni,130g,1
RiceWorks,156g,3
RiceWorks,155g,3
Riceworks,156g,3
Riceworks,155g,2
Riceworks,AVOCADO RANCH,1
Rich,490ml,1
Rich,453g,1
Rich,227ml,1
Rich's,"Rich's 22 1/2"" Par-Baked French Baguette - 24/Case",1
Rich's,227g,1
Rich's,15x31g,1
Richard,Richard Ultra White Eggs 12,1
Ricola,45un,4
Ricola,9un,2
Riesen,135g,2
Riesen,350g,1
Riesen,245g,1
Riga,160g,1
Riga gold,120g,2
Righteous,473ml,40
Righteous,473 Millilitre,9
Rio Grande,454g,3
Rio Grande,907g,2
Rio Grande,397g,1
Rio Grande,1kg,1
Rio Grande,1.361kg,1
Rio Mare,160g,15
Rio Mare,3x80.0g,4
Rio Mare,125g,4
Rio Mare,3x80g,3
Rio Mare,195g,3
Rio Mare,3 x 80g,2
Rio Mare,195g (3x65g),2
Rio Mare,100g,2
Rio Mare,Ready-to-eat 1 x 160g,1
Rio Mare,3 x 80g (240g),1
Rio Mare,3 Each,1
Rio Mare,240g,1
Rio Mare,180g,1
Rio Mex,850g,1
Ripple,1.42l,7
Ripple,1.42L | Multiple Flavours,1
Rise,414ml,7
Rise,1l,3
Rise Better Soda,355ml,1
Rise Botanicals,414ml,4
Rise Kombucha,414ml,25
Rise Kombucha,1l,18
Rise Kombucha,4x355.0ml,2
Rise Kombucha,355ml,1
Riso Bello,175g,1
Riso Scotti,210g,5
Riso Scotti,500g,2
Ristorante,385g,1
Ristorante,360g,1
Ristorante,340g,1
Ristorante,330g,1
Ristorante,325g,1
Ristorante,320g,1
Ritter Sport,100g,42
Ritter Sport,133g,2
Ritter Sport,Ritter Sport Coconut Chocolate,1
Ritter Sport,ALPINE CHOCOLATE,1
Ritter Sport,116g,1
Ritz,180g,10
Ritz,200g,5
Ritz,240g,3
Ritz,8x38g,2
Ritz,6x30.0g,2
Ritz,900g,1
Ritz,6x30g,1
Ritz,350g,1
Ritz,312g,1
Ritz,270g,1
Ritz,212g,1
Rivi's,300g,2
Rivi's,190g,2
Rivi's,170g,2
Rivi's,200g,1
Riviera,650g,10
Riviera,500g,10
Riviera,4x120.0g,5
Riviera,946 Millilitre,1
Riviera,85g,1
Riviera,4 Each,1
Riviera,375g,1
Riviera,2x120.0ml,1
Riviera,240g,1
Riviera,12 Each,1
Rizopia,454g,18
Rizopia,340g,2
Rizopia,454g | Multiple Options,1
Rkxzt,Rkxzt Segmented Candy Box Household Nut Box Dried Fruit Box Living Room Snack Box Plastic Fruit Box Snack Box Weekly Deals,1
Rkxzt,Rkxzt Plastic Divided Snack Box with Cover Snack Fruit Tray Food Storage Lunch Box Removable and Washable Round Four Compartment Weekly Deals,1
Rkxzt,Rkxzt Household Round Fruit Snacks Sugar Biscuits Striped Fruit Melon Fruit for Indoor/Outdoor,1
Rkxzt,Rkxzt Cream Horn Model Stainless Steel Roll Flared Danish Croissant Model Holiday Gift Finder,1
Rkxzt,Popcorn Machine Flash Deals,1
Rkxzt,Bagels and More Summer Savings Clearance,1
Roar,532ml,6
Roar Organic,532ml,9
Roast,100g,1
Rob's Backstage Popc,Rob's OG Popcorn 113g,1
Rob's Backstage Popc,Rob's Indian Popcorn 113g,1
Rob's Backstage Popc,Rob's Cheddar Popcorn 113g,1
Robertson,635ml,1
Robertson's,250ml,5
Robertson's,250 Millilitre,2
Robertson's,635ml,1
Robertsons,635ml,2
Robertsons,400g,1
Robertsons,250g,1
Robertsons,250 Millilitre,1
Robin Hood,2.5kg,18
Robin Hood,5kg,12
Robin Hood,1kg,11
Robin Hood,500g,9
Robin Hood,907g,6
Robin Hood,2kg,5
Robin Hood,2.5 Kg,5
Robin Hood,10kg,4
Robin Hood,2000g,2
Robin Hood,Robin Hood Brodie Cake & Pastry Self-Raising Flour,1
Robin Hood,Robin Hood 00 Style Pizza Flour 2kg,1
Robin Hood,Original5kg,1
Robin Hood,Original1kg,1
Robin Hood,Original10kg,1
Robin Hood,Homestyle White5kg,1
Robin Hood,Gluten Free907g,1
Robin Hood,5.0 Kg,1
Robin Hood,5 Kg,1
Robin Hood,10 Kg,1
Robinsons,1l,4
Robinsons,Robinsons NAS Orange concentrate,1
Robinsons,Robinsons Apple & Blackcurrant concentrate,1
Rocco & Olivia,6 Each,1
Rocco & Olivia,300g,1
Rock Harbour,454g,2
Rock Harbour,,2
Rock Harbour,800g,1
Rock Harbour,400g,1
Rock Harbour,350g,1
Rock Harbour,340g,1
Rock Harbour,284g,1
Rock Harbour,200g,1
Rock Harbour,2 lb,1
Rockets,1kg,2
Rockets,Bulk100g,1
Rockets,500g,1
Rockets,135g,1
Rockets,1.25kg,1
Rockets Candy,96g,1
Rockstar,473ml,41
Rockstar,473 Millilitre,11
Rockstar,4x473ml,4
Rockstar,53g,2
Rockstar,4x473.0ml,2
Rockstar,Rockstar Pure Zero lemonade 473ml,1
Rockstar,Rockstar Punched Peach 473ml,1
Rockstar,Rockstar Punched Charged Cherry 473ml,1
Rockstar,Rockstar Punched Blackberry 473ml,1
Rockstar,Rockstar Energy Drink Strawberry Mango 473ml,1
Rockstar,793g,1
Rockstar,473ml can,1
Rockstar,340g,1
Rockwell's,250ml,3
Rockwell's,414ml,2
Rockwell's,986ml,1
Rockwell's,141ml,1
Rodelle,Vanilla Paste,1
Rodelle,Vanilla Extract,1
Rodolfi,398ml,4
Rodolfi,380ml,3
Rodolfi,670ml,2
Rodolfi,180ml,2
Rodolfi,369ml,1
Rodolfi,147ml,1
Rogers,500g,8
Rogers,1kg,6
Rogers,450g,5
Rogers,750g,4
Rogers,2kg,3
Rogers,700g,2
Rogers,2.5kg,2
Rogers,10kg,2
Rogers,Unbleached5kg,1
Rogers,Unbleached10kg,1
Rogers,Free-Flowing Golden Cane Sugar450g,1
Rogers,Enriched10kg,1
Rogers,Bulk100g,1
Rogers,900g,1
Rogers,750 Millilitre,1
Rogers,650g,1
Rogers,5kg,1
Rogers,50 Each,1
Rogers,4kg,1
Rogers,478 Millilitre,1
Rogers,375g,1
Rogers,220g,1
Rogers,1kg1kg,1
Rogers,100g,1
Rogers,1.1kg,1
Rold Gold,370g,5
Rold Gold,198g,5
Rold Gold,295g,4
Rold Gold,Classic Dipped198g,1
Rolling Meadow,2l,6
Rolling Meadow,4l,3
Rolling Meadow,473ml,3
Rolling Meadow,500g,2
Rolling Meadow,500ml,1
Rolling Meadow,1l,1
Roma,Stick 200gr,2
Roma,900g,2
Roma,450g,2
Roma,CASERTA STK PEPPERONI,1
Roma,375g,1
Roma,2 x 350 g (700 g total),1
Roman,908g,7
Roman,2.27kg,3
Roman,907g,1
Roman,2.25kg,1
Roman,1.02kg,1
Roman Cheese,908g,2
Roman Cheese,2.27kg,2
Romeo's Gin,8x355ml,1
Romina,600g,1
Rongfmy,68mm,5
Rongfmy,Rongfmy Coffee Cup 200ml Ceramic Coffee Cup Coffee Roasters Espresso Shot Coffee Cup inner white,1
Rongfmy,Rongfmy 2-3 of pack Candy Cane Kids Belly Dance Stick Hanging Decor 3 Pcs,1
Rongfmy,Rongfmy 10ml DIY Colorants Pigments 10ml yellow 10ml lemon yellow,1
Rongfmy,Rongfmy 10ml DIY Colorants Pigments 10ml pink,1
Rongfmy,Rongfmy 10ml DIY Colorants Pigments 10ml brown,1
Rongfmy,Rongfmy 10ml DIY Colorants Pigments 10ml black,1
Rongfmy,Rongfmy 10ml DIY Colorants Pigments 10ml 10ml rose red,1
Rongfmy,68mm Ay Tsao,1
Rongmo,Disposable DIY Popsicle Molds Bags Pouches -Comes With Silicone Funnel,1
Rongmo,100 Pack,1
Roos,120g,1
Rooster,454g,18
Rooster,2kg,12
Rooster,400g,10
Rooster,8kg,8
Rooster,2.84l,7
Rooster,250g,6
Rooster,520g,4
Rooster,398ml,4
Rooster,1kg,4
Rooster,4.54kg,3
Rooster,90g,2
Rooster,8x50.0g,2
Rooster,600g,2
Rooster,500ml,2
Rooster,400ml,2
Rooster,340g,2
Rooster,300ml,2
Rooster,210g,2
Rooster,2.27kg,2
Rooster,18.1kg,2
Rooster,200g,1
Rooster,150g,1
Rooster,1000ml,1
Rooster,1.9l,1
Roquefort Soci¨¦t¨¦,100g,1
Rose,8kg,2
Rose,739ml,2
Rose,400g,1
Rose's,739 Millilitre,4
Rose's,739ml,2
Rose's,Dark Roast10 Each,1
Ross,200g,1
Ross Chocolates,Ross Milk Chocolate 34g Bar,1
Ross Chocolates,Ross Dk Chocolate Hazelnut 34g Bar,1
Ross Chocolates,Ross Dark Chocolate 34g Bar,1
Rossdown,300g,1
Rotel,284 Millilitre,2
Rotel,283g,1
Rotk?ppchen,750ml,1
Rougemont,2l,12
Rougemont,2?l,5
Rougemont,8 x 200ml,2
Rougemont,8 X 200ml,1
Rougi¨¦,1 breast per tray,1
Rouy,200g,1
Rowe Farms,12ea,3
Rowe Farms,12 eggs,1
Rowntree's,Fruit Pastilles,1
Rowntree's,Fruit Gums,1
Rowntree's,150g,1
Rowntrees,150g,3
Rowntrees,143g,1
Royal,4.54kg,2
Royal,1.8kg,2
Royal Chinet,125 Plates,1
Royal Delight,400g,4
Royal Delight,500g,2
Royal Food Products,6 x 105g,1
Royal Gourmet,100g,1
Royal Meats,800g,3
Royal Meats,1kg,2
Royal Meats,1.02kg,2
Royal Nut,195g,1
Royal Nuts,325g,26
Royal Nuts,350g,16
Royal Nuts,250g,12
Royal Nuts,Sea Salted350g,4
Royal Nuts,185g,4
Royal Nuts,Oven Roasted DeluxeUnsalted325g,3
Royal Nuts,300g,3
Royal Nuts,240g,3
Royal Nuts,200g,3
Royal Nuts,Oven Roasted350g,2
Royal Nuts,195g,2
Royal Nuts,140g,2
Royal Nuts,Unsalted250g,1
Royal Nuts,Unsalted100g,1
Royal Nuts,Sea Salted325g,1
Royal Nuts,Royal Nuts Cashews Raw,1
Royal Nuts,Roasted & SaltedBulk100g,1
Royal Nuts,Oven RoastedUnsalted350g,1
Royal Nuts,Oven RoastedUnsalted250g,1
Royal Nuts,Oven Roasted Unsalted325g,1
Royal Nuts,Californian Raw240g,1
Royal Nuts,400g,1
Royal Nuts,250?g,1
Royal Nuts,225g,1
Royal Nuts,190g,1
Royal Orchid,6kg,1
Royal Umbrella,8kg,1
Royale,Himalayan basmati rice,1
Royale,Authentic Basmati Rice,1
Royalty,400g,2
Royalty,400 g e 14.11oz,1
Rubbins,100g,1
Rubicon,1l,33
Rubicon,4x200ml,6
Rubicon,4x200.0ml,4
Rubicon,355ml,2
Rubicon,Pack of 8,1
Rubicon,Created using the finest handpicked Mangoes. Product of Canada.,1
Rubicon,Created using the finest Lychees.,1
Rubicon,Created using the finest Guavas .,1
Rubschlager,454g,8
Rudolph's,500g,12
Rudolph's,454g,7
Rudolph's,680g,3
Rudolph's,907g,2
Rudolphs,500g,11
Rudolphs,680g,3
Rudolphs,907g,2
Rudolphs,error,1
Rudolph¡¯s,500g,4
Ruegen Fisch,in a delicious tomato sauce.,1
Ruegen Fisch,Herring fillets in tomato sauce.,1
Ruegen Herring,200g,2
Ruffles,200g,34
Ruffles,180g,14
Ruffles,66g,12
Ruffles,425g,7
Ruffles,350g,7
Ruffles,227g,3
Ruffles,190g,3
Ruffles,640g,2
Ruffles,180 g.,2
Ruffles,Spicy All Dressed180g,1
Ruffles,Sour Cream And Onion200g,1
Ruffles,Sour Cream 'N Bacon200g,1
Ruffles,Salt And Vinegar200g,1
Ruffles,Regular350g,1
Ruffles,Lightly Salted200g,1
Ruffles,Jalapeno425g,1
Ruffles,All Dressed200g,1
Ruffles,280g,1
Ruffles,227GM,1
Ruffles,10ct,1
Ruffles.,180 g.,1
Rufus Teague,330ml,3
Rugen Fisch,200g,1
Rummo,340g,2
Rundi67,Rival series,1
Runquan,Rijst Dispenser Rijst Container Rijst,1
Runquan,Molar Chewing Toy Novelty Durable Food Aggression Small,1
Runquan,50Pcs Coffee Filter Paper Basket Filters Paper for Coffee Machine S S,1
Runquan,100Pcs Household Pot Paper Filter 56mm 60mm 68mm Replacements Professional Round 6cm,1
Russell Stover,85g,10
Russell Stover,150g,7
Russell Stover,503g,1
Russell Stover,284g,1
Rustica,866g,2
Rustica,834g,2
Rustica,826g,2
Rustica,784g,2
Rustica,735g,2
Rustica,702g,2
Rustica,668g,2
Rustica,665g,2
Rustica,538g,2
Rustica,RUSTICA STUFFED CRUST 4 CHEESE PIZZA,1
Rustica,772g,1
Rustica,577g,1
Rustica,570g,1
Rustica,370g,1
Rustichella D'Abruzzo,500?g,1
Rutabagas,Yellow400g,1
Rw Garcia,180g,1
Rwvbm,Powder Spreading Bot Rwvbm,2
Rwvbm,Children's Donut Inflatable Stick Party Lollipop Decoration Props Cartoons Creatives Inflatable Stick Rwvbm,2
Rwvbm,Winter Warm Handlebar Cover Antler Thick Plush Steering Wheel Cover Rwvbm,1
Rwvbm,Segmented Candy Box Household Nut Box Dried Fruit Box Living Room Snack Box Plastic Fruit Box Snack Box Rwvbm,1
Rwvbm,Fruit Food Candy For Halloween Rwvbm,1
Rwvbm,Christmas Advent Calendar Santa Claus Advent Calendar With 24 Days Pocket Christmas Countdown Hanging Ornaments for Home Office Door Wall Decoration Rwvbm,1
Rwvbm,Beer Bottle OpenerBeverage Beer DriverMultifunctional Bottle OpenerCap OpenerHome Bottle DriverCap Opener Rwvbm,1
RyVita,125g,5
RyVita,250g,4
RyVita,200g,2
Ryvita,125g,10
Ryvita,250g,8
Ryvita,125GR,3
Ryvita,250GR,2
Ryvita,200g,1
Ryvita,200GR,1
S Sense,10un,4
S Sense,36un,1
S&B,92g,6
S&B,43g,3
S&B,200g,2
S&B,15g,1
S&B,110g,1
S&F,120g,7
S&F,500ml,5
S&F,250g,4
S&F,400g,3
S&F,375ml,3
S&F,750g,2
S&F,30g,2
S&F,200g,2
S&F,160g,2
S&F,1.5l,2
S&F,Plum spread,1
S&F,Crispy cream crackers,1
S&F,Chocolate Hazelnut Spread Duo,1
S&F,COD LIVER,1
S&F,796ml,1
S&F,580ml,1
S&F,280g,1
S&F,270g,1
S&F Riga Gold,Smoked Sprats in Oil,1
S&W,540ml,3
S&W,796ml,2
S&W,1000ml,2
S&W,S&W Sweet Filipino Style Spaghetti Sauce,1
S&W,Quantity - 796ml,1
S&W,2.84l,1
S&W,1.36l,1
S&f,375ml,4
S&f,120g,3
S&f,796ml,1
S&f,750g,1
S&f,500ml,1
S&f,400g,1
S&f,200g,1
S&f,115g,1
S&f,1.5l,1
S. Pellegrino,6 x 330ml,6
S. Pellegrino,6 x 330ml Cans,3
S. Pellegrino,8 x 330ml Cans,2
S. Pellegrino,750ml Bottle,1
S. Pellegrino,6 x 500ml Bottles,1
S. Pellegrino,6 x 1L Bottles,1
S. Pellegrino,1L Bottle,1
SABOR DO MAR,sell quantity 120g,4
SABOR DO MAR,sell quantity 75g,3
SABOR DO MAR,sell quantity 120g canned,2
SABOR DO MAR,sell quantity 120g Canned,1
SABOR DO MAR,Sabor Do Mar Spiced Mackerel Pate,1
SAMYANG,5 Each,1
SAPPORO Ichiban,Original62g,1
SAPPORO Ichiban,Chicken62g,1
SAPPORO Ichiban,Beef62g,1
SAPPORO Ichiban,84g,1
SAPPORO Ichiban,83g,1
SAPPORO Ichiban,82g,1
SAPPORO Ichiban,510g,1
SARDO,500ml,3
SARDO,Sardo Sundried Tomato Tapenade,1
SARDO,Sardo Hot Tapenade Jalapeno 180ml,1
SARDO,SARDO PEARl ONIONS 375ml,1
SARDO,500g,1
SAWAT-D,1 Kg,2
SAWAT-D,1kg,1
SB,92g,2
SCHTARK,Pizza cheese,1
SCHTARK,Mozzarella,1
SEMPAI,random color Clearance Up to 45% off Halloween,1
SEMPAI,SEMPAI Silica Gel Tea Bag Tea Filter Silica Gel Tea Filter Summer Savings Up to 45% off New Year holiday,1
SEMPAI,SEMPAI Silica Gel Tea Bag Tea Filter Silica Gel Tea Filter Flash Deal Up to 60% off Remembrance Day,1
SEMPAI,SEMPAI Silica Gel Tea Bag Tea Filter Silica Gel Tea Filter Flash Deal Up to 45% off Thanksgiving Day,1
SEMPAI,SEMPAI Santa Claus Chocolate Cake DIY Fondant Decoration Wal&mart Deals Clearance Labour Day,1
SEMPAI,SEMPAI Rose Flower Ice Cocktail Mix Ice Rose Flower 4 With Ice Tray Summer Savings Clearance Labour Day,1
SEMPAI,SEMPAI Home Made Ice Cream Set Box For Making Ice Cream Ice Cream Ice Cream Children's Ice Cream Stick Ice Cream Stick Up to 45% off Summer Savings Thanksgiving Day,1
SEMPAI,SEMPAI Easter Lovely Rabbit Tea Bag Hanging Fixed Tea Bag Fixed Tea Bag Tea Cup Wall Decoration Rabbit Differentiator Up to 45% off Flash Deal Valentine's Day,1
SEMPAI,SEMPAI Easter Lovely Rabbit Tea Bag Hanging Fixed Tea Bag Fixed Tea Bag Tea Cup Wall Decoration Rabbit Differentiator Flash Deal Clearance Thanksgiving Day,1
SEMPAI,SEMPAI Dinosaur Tea Maker Stock Dragon Tea Bag Tea Filter Flash Deal Up to 60% off Canada Day,1
SEMPAI,SEMPAI Creative Polygons 4-cell Ice Ice Box Easy To Demould Soft Bottom Ice Box Up to 45% off Flash Deal New Year's Day,1
SHAKTI,AUTHENTIC TASTE OF FRESH GINGER,1
SHAKTI,AUTHENTIC TASTE OF FRESH GARLIC,1
SHAKTI,750g,1
SHAQ-A-LICIOUS,175G,2
SHER,Whole wheat,1
SHER,Durum wheat flour,1
SHER,Corn Flour,1
SHER,Besan Flour,1
SHIJI65,Stylish 3d Burger Pop Pinch Ball Silicone Push Its Bubble Balls,1
SHUCHAF,600g,1
SIMPLY,1.54 xl,10
SIMPLY,Simply lemonade 2.63l,2
SIMPLY,Simply lemonade with Raspberry 2.63l,1
SIMPLY,Simply Raspberry lemonade 2.63l,1
SIMPLY,Simply Orange Juice With Pulp 2.63l,1
SIMPLY,Simply Orange Juice Pulp Free 2.63l,1
SIMPLY,Simply Mango with Pineapple 1.54l,1
SIMPLY,1.5 xl,1
SIWIN,SIWIN PLANT BASED DUMPLING,2
SIWIN,SIWIN VEGETABLE DUMPLINGS,1
SIX FORTUNE,400g,2
SLIM-FAST,1.2 kg - 36 servings,1
SM Protein,454g,1
SMART ONES,255g,2
SMART ONES,283g,1
SMART ONES,262g,1
SMART ONES,241g,1
SNICKERS,E-SNICKERS SNK ORIG FS 8CT,1
SNICKERS,4 Bars,1
SNO,300ml,2
SNO,120ml,2
SNO,58ml,1
SNO Vegan,500ml,1
SN?,3x120ml,1
SOF Kitchen,625 Millilitre,1
SOL Cuisine,Spicy cauliflower wings,1
SOL Cuisine,SWT CHILI CAULI WNGS,1
SOL Cuisine,Mushroom Rice Burger - 284G,1
SOL Cuisine,Extreme Griller - 284G,1
SOL Cuisine,E-UNFI SWT CHILI CAULI WNGS,1
SOO JERKY,SOO 5 SPICES BEEF JERKY,1
SPAM,340g,11
SPAM,Fully Cooked340g,2
SPATULA Foods,400g,3
SPRING CREEK QUAIL,SPRING CREEK QUAIL 18 FRESH QUAIL EGGS,1
SPROOS,220g,2
SPROOS,500g,1
SPROOS,400g,1
SPROOS,283g,1
SPROOS,264g,1
SPROOS,200g,1
SS Frutas,85g,7
SS Frutas,75g,1
SS Frutas,1kg,1
SS-Frutas,75g,1
SS-Frutas Imports,85g,2
SS-Frutas Imports,165g,2
STELLA,250g,1
STOK,1.42 Litre,2
SToK,1.42l,8
SToK,Stok Extra Bold 1.42l,1
SToK,1.42L Cold Brewed Arabica Coffee,1
SToK,1.42L Cold Brew Coffee,1
ST¨­K,1.42l,1
SUKU,60ea,16
SUKU,10ea,2
SUN-BIRD,21g,2
SUN-BIRD,28g,1
SUNBULAH,450g,1
SUNBULAH,400g,1
SUNNING,SUNNING PHO RICE NOODLES,1
SUNNING,SUNNING PAD THAI NOODLES,1
SUNNING,PHO RICE NOODLES,1
SUNNING,PAD THAI NOODLES,1
SUOKOM,SuoKom Fruit Tray Clear Snack Display Tray Candy Snack Tray Nut and Dried Fruit Storage Box Snack Tray for Kitchen and Party Food and Pantry Organization,1
SUOKOM,Summer Savings Clearance! SuoKom Fruit Tray Clear Snack Display Tray Candy Snack Tray Nut and Dried Fruit Storage Box Snack Tray for Kitchen and Party Food and Pantry Organization on Clearance,1
SUTENGDA,SUTENGDA Bread Box with Handle Portable Loaf Cake Container Plastic Rectangular Food Storage Keeper Carrier 13inch Translucent Dome for Pastries Bagels Bread Rolls Buns or Baguettes (W,1
SWEETARTS CANDY,E-SWEETARTS CANDY SWEETARTS ROPE STRAW,1
SWEETARTS CANDY,141G,1
SYNEAR,SYNEAR PORK SOUPY DUMPLING,2
SYNEAR,SYNEAR CHICKEN SOUPY DUMPLING,1
SYS,SYS Organic Matcha Coffee The Perfect Combination Of Deliciousness And Health,1
SZXZYGS,SZXZYGS Olive Oil Sprayer for Cooking Type Sprayable Kitchen Olive Oil Spray Bottle for Bbq Kitchen Baking Roasting,1
Saadeddin,500g,2
Saadeddin,BAKLAVA TIN 500G,1
Saadeddin,360g,1
Sabana,200g,5
Sabatini,500ml,2
Sabatino Tartufi,283.5g,1
Sabor Do Mar,120g,24
Sabra,283g,14
Sabra,482g,6
Sabra,198g,4
Sabra,397g,3
Sabra,170g,3
Sabra,129g,3
Sabra,850g,2
Sabra,76g,2
Sabra,Sabra Avocado Toast,1
Sabra,Classic Snacker w/Pretzels,1
Sabra,6x57.0g,1
Sabra,283 grams,1
Sabra,227g,1
Sacla,560 Gr,1
Sacla,314ml,1
Sacla,285gr,1
Sadaf,113g,6
Sadaf,28.4g,5
Sadaf,180g,4
Sadaf,454g,2
Sadaf,340g,2
Sadaf,300ml,2
Sadaf,2l,2
Sadaf,21g,2
Sadaf,170g,2
Sadaf,SADAF GREEN LENTILS,1
Sadaf,946ml,1
Sadaf,85g,1
Sadaf,700g,1
Sadaf,670g,1
Sadaf,655g,1
Sadaf,42g,1
Sadaf,3kg,1
Sadaf,370g,1
Safe Catch,142g,2
Safflo,1 Litre,1
Safies,750ml,3
Saha,250ml,9
Saha,1.5kg,3
Saigon,375 Millilitre,4
Saint Andr¨¦,200g,1
Sakura Maple,375ml,1
Sal Tal Qual,1.5kg,1
Sal Tal Qual,1.25kg,1
Salad Stand,340g,1
Salada,Salada Black Tea 72 count,1
Salada,72un,1
Salada,144un,1
Salads of the Sea,198g,5
Salami,Original100g,1
Salami,100g,1
Saleem Caravan,4.536kg,2
Saleem Caravan,4.535kg,1
Salento,100g,2
Sally,200g,3
Sally,454g,2
Sally,100g,2
Sally,400g,1
Sally,350g,1
Sally,170g,1
Sally Hansen,Quick-dry nail polish,1
Salmon,450g,1
Salmon,225g,1
Salmon,100g,1
Salmon Village,150g,6
Salmon Village,Tequila Lime150g,1
Salmon Village,Peppercorn150g,1
Salmon Village,Maple150g,1
Salmon Village,Frozen850g,1
Salmon Village,1un,1
Saloio,900ml,1
Saloio,500ml,1
Salsa Whisperer,355ml,2
Salt Spring,400g,9
Salt Spring Coffee,400g,5
Salt Spring Coffee,Flavoured311g,1
Salt Spring Coffee,Dark Roast793g,1
Salt Spring Coffee,1.18 Litre,1
Salus Haus,250ml,4
Salus Haus,500ml,3
Salus Haus,80ea,1
Salus Haus,200g,1
Samanco,4x150.0ml,4
Samyang,600g,3
Samyang,SY HOT CHICKEN RAMEN CURRY,1
Samyang,SY CHICKEN HABANERO,1
Samyang,SAMYANG Buldak Cream Carbonara Hot Chicken Flavor Ramen 5 Bag/Pack,1
Samyang,Hot Chicken Flavour Jjajang Ramen,1
Samyang,Hot Chicken Flavour Carbo Ramen 140g*5*8,1
Samyang,Hot Chicken 2X Spicy Flavour Ramen,1
Samyang,HOT SPICY CHICKEN KIMCHI RAMEN,1
Samyang,HOT CHICKEN FLAVOR RAMEN MULTI-CHEESE,1
Samyang,E-SAMYANG SY KIMCHI RAMEN,1
Samyang,E-SAMYANG SY CHICKEN HABANERO,1
Samyang,60G,1
Samyang,140g,1
San Benedetto,750ml,2
San Benedetto,6x500ml,2
San Benedetto,6x1.5?l,1
San Benedetto,6x1.5l,1
San Benedetto,12x750ml,1
San Benedetto,1.5?l,1
San Benedetto,1.5l,1
San Daniele,100g,8
San Daniele,175g,6
San Daniele,$34.90/1kg,4
San Daniele,$36.90/1kg,3
San Daniele,$27.90/1kg,3
San Daniele,200g,2
San Daniele,Lactose Free / Gluten Free / 200g,1
San Daniele,Fresh100g,1
San Daniele,750g,1
San Daniele,$44.90/1kg $20.37/1lb,1
San Daniele,$44.90/1kg,1
San Danielle,175g,1
San Ignacio,450g,2
San J,296ml,8
San J,Breadfruit,2
San J,Sold in pieces,1
San J,Sold by weight,1
San J,SOLD IN BULK,1
San J,Curry Leaves,1
San J,592ml,1
San J,1 EA,1
San J,0.20 - 0.60kg,1
San J,0.01 - 0.02kg,1
San Jamar,GS PINK SALMON BN/SKN,1
San Miguel,1.5l,6
San Miguel,340g,2
San Miguel,3x250.0ml,1
San Miguel Gold Label,1.5l,4
San Paolo,800g,1
San Pellegrino,6x330.0ml,33
San Pellegrino,6x330ml,12
San Pellegrino,6 Each,4
San Pellegrino,330ml,4
San Pellegrino,750ml,3
San Pellegrino,8x330.0ml,2
San Pellegrino,6x500.0ml,2
San Pellegrino,1l,2
San Pellegrino,Naturali Melograno & Arancia6 Each,1
San Pellegrino,Naturali Limonata6 Each,1
San Pellegrino,Naturali Aranciata6 Each,1
San Pellegrino,Naturali Aranciata Rossa6 Each,1
San Pellegrino,8x330ml,1
San Pellegrino,750 Millilitre,1
San Pellegrino,6x500ml,1
San Pellegrino,6x300ml,1
San Pellegrino,6x1l,1
San Pellegrino,500ml,1
San Pellegrino,1?l,1
San Pellegrino,12x750ml,1
San Pellegrino,12x750.0ml,1
San Pellegrino,1 Litre,1
San Perrio,750ml,3
San-J,296ml,12
San-J,296 Millilitre,4
Sanotti,Sanotti Dates N' Tahini diP 60gm,1
Sanotti,Sanotti Dates N' Chocolate diP 60 gm,1
Sanotti,SANOTTI DATE TAHINI 330gm,1
Santa Catarina,120g,2
Santa Cruz,946 Millilitre,3
Santa Cruz,473 Millilitre,2
Santa Cruz Organic,473ml,3
Santa Cruz Organic,946ml,1
Santa Lucia,500g,5
Santa Lucia,200g,4
Santa Lucia,250g,3
Santa Lucia,340g,2
Santa Lucia,2x125.0g,2
Santa Lucia,227g,2
Santa Lucia,125g,2
Santa Lucia,475g,1
Santa Lucia,1.65kg,1
Santo Domingo,454g,1
Santo Domingo,250g,1
Santosh,500g,2
Santosh,1kg,2
Santosh,5un,1
Sap Sucker,4x355.0ml,3
Sapadilla,473ml,4
Sapadilla,354ml,4
Saporito,3l,3
Saporito,750ml,1
Saporito Foods,Grilling Spray,1
Saporito Foods,Extra Virgin Olive Oil,1
Saporito Foods,Baking Spray,1
Saporito Foods,2.84l,1
Sapporo,100g,9
Sapporo,62g,6
Sapporo Ichiban,100g,11
Sapporo Ichiban,? Cooks in 3 minutes,2
Sapporo Ichiban,Sapporo Original 5 Pack,1
Sapporo Ichiban,Sapporo Original,1
Sapporo Ichiban,Sapporo Ichiban Beef,1
Sapporo Ichiban,Sapporo Flat Chicken,1
Sapsucker,355ml,3
Saputo,200g,19
Saputo,500g,16
Saputo,160g,13
Saputo,1kg,9
Saputo,180g,9
Saputo,125g,7
Saputo,170g,6
Saputo,200?g,5
Saputo,140g,5
Saputo,690g,4
Saputo,300g,4
Saputo,250g,4
Saputo,190g,3
Saputo,750g,2
Saputo,400g,2
Saputo,160 g block,2
Saputo,700g,1
Saputo,438g,1
Saputo,340g,1
Saputo,150g,1
Saputo,1 piece,1
Saputo,$2.99/100g,1
Saputo,,1
Sara Lee,234g,9
Sara Lee,300g,3
Sara Lee,195g,3
Sara Lee,194g,2
Sara Lee,Little Bites? Party Cookies,1
Sara Lee,Little Bites? Chocolate Chip Cookies,1
Sara Lee,5 Pouches,1
Sara Lee,468g,1
Sara Lee,10 pouches,1
Sarah's Fine Foods,150g,2
Sarangani,Milkfish in Corn Oil Spicy,1
Sarangani Bay,215g,2
Sarap Pinoy,113g,3
Sarap Pinoy,400g,1
Sardo,250ml,28
Sardo,375ml,17
Sardo,500ml,11
Sardo,$32.90/1kg $14.93/1lb,10
Sardo,330g,6
Sardo,190ml,6
Sardo,228g,4
Sardo,212g,4
Sardo,1l,4
Sardo,190g,2
Sardo,180g,2
Sardo,Sardo Hot Tapenade Jalapeno 180ml,1
Sardo,800g,1
Sardo,500g,1
Sardo,375g,1
Sardo,320g,1
Sardo,$32.90/1kg,1
Sargent Farms,5kg,4
Sarson's,250ml,2
Sartori,150g,9
Sartori,198g,1
Sartori,140g,1
Satangelo,100g,2
Satangelo,900g,1
Satangelo,1.3kg,1
Sau Tao,454g,4
Sau Tao,880g,3
Sau Tao,400g (66.7g x 6),1
Sausage,Fresh100g,3
Sausage,Hot95g,1
Save On Foods,Family Size1 Each,1
Save On Foods,596g,1
Save On Foods,575g,1
Save On Foods,500g,1
Save On Foods,450g,1
Save On Foods,1 Each,1
Save-On- Foods,BonelessFresh3kg,1
Save-On-Foods,1 Each,60
Save-On-Foods,100g,23
Save-On-Foods,44 Millilitre,8
Save-On-Foods,625 Millilitre,6
Save-On-Foods,2 Each,5
Save-On-Foods,Fresh1 Each,3
Save-On-Foods,Family Pack8 Each,3
Save-On-Foods,450g,3
Save-On-Foods,300g,3
Save-On-Foods,1kg,3
Save-On-Foods,Fresh350g,2
Save-On-Foods,Fresh345g,2
Save-On-Foods,Fresh3 Each,2
Save-On-Foods,Fresh1.2kg,2
Save-On-Foods,500g,2
Save-On-Foods,454g,2
Save-On-Foods,400g,2
Save-On-Foods,345g,2
Save-On-Foods,250g,2
Save-On-Foods,1.34kg,2
Save-On-Foods,Wild Fresh1.5kg,1
Save-On-Foods,Warehouse Pack850g,1
Save-On-Foods,Value Pack1.06kg,1
Save-On-Foods,Twin Pack2.5kg,1
Save-On-Foods,SkinlessFresh425g,1
Save-On-Foods,Raised Without AntibioticsFamily Pack950g,1
Save-On-Foods,Raised Without AntibioticsFamily Pack830g,1
Save-On-Foods,Raised Without AntibioticsFamily Pack1.05kg,1
Save-On-Foods,Raised Without Antibiotics690g,1
Save-On-Foods,Raised Without Antibiotics600g,1
Save-On-Foods,Raised Without Antibiotics430g,1
Save-On-Foods,Previously Frozen190g,1
Save-On-Foods,Original100g,1
Save-On-Foods,Olives Nuts & Cheese140g,1
Save-On-Foods,Mild345g,1
Save-On-Foods,Kettle Fried100g,1
Save-On-Foods,Ham & Swiss Cheese1 Each,1
Save-On-Foods,Ham & Cheddar English Muffin1 Each,1
Save-On-Foods,Garlic Style100g,1
Save-On-Foods,Frozen650g,1
Save-On-Foods,Frozen100g,1
Save-On-Foods,Frozen1.5kg,1
Save-On-Foods,Frozen1 Each,1
Save-On-Foods,FreshFamily Pack812g,1
Save-On-Foods,Fresh500g,1
Save-On-Foods,Fresh1kg,1
Save-On-Foods,Fresh100g,1
Save-On-Foods,Fresh1.93kg,1
Save-On-Foods,Fresh1.3kg,1
Save-On-Foods,Fresh1.24kg,1
Save-On-Foods,Fresh1.09kg,1
Save-On-Foods,Fresh Family Pack750g,1
Save-On-Foods,Family Size1 Each,1
Save-On-Foods,Family Pack950g,1
Save-On-Foods,Family Pack1 Each,1
Save-On-Foods,Family Pack.500g,1
Save-On-Foods,Chilled1 Each,1
Save-On-Foods,CheeseMeat & Pickles1 Each,1
Save-On-Foods,Boneless SkinlessWarehouse Pack1.25kg,1
Save-On-Foods,Boneless Skinless Family Pack.1 Each,1
Save-On-Foods,Apple345g,1
Save-On-Foods,907g,1
Save-On-Foods,720g,1
Save-On-Foods,700g,1
Save-On-Foods,6kg,1
Save-On-Foods,610g,1
Save-On-Foods,600g,1
Save-On-Foods,5 Ounce,1
Save-On-Foods,4 Each,1
Save-On-Foods,375g,1
Save-On-Foods,350g,1
Save-On-Foods,340g,1
Save-On-Foods,310g,1
Save-On-Foods,3 Each,1
Save-On-Foods,278g,1
Save-On-Foods,275g,1
Save-On-Foods,273g,1
Save-On-Foods,220g,1
Save-On-Foods,210g,1
Save-On-Foods,200g,1
Save-On-Foods,120g,1
Save-On-Foods,1.51kg,1
Save-On-Foods,1.49kg,1
Save-On-Foods,1.3kg,1
Save-On-Foods,1.2kg,1
Save-On-Foods,1.13kg,1
Save-On-Foods,1 Pound,1
Save-On-Foods Kitchen,1 Each,1
Savion,187g,5
Savor,473ml,6
Savor,250g,5
Savor,250ml,4
Savor,300g,3
Savor,340ml,2
Savor,310ml,2
Savor,325g,1
Savoura,Savoura Cocktalio tomatoes,1
Savoura,680g,1
Savoura,150g,1
Savoura,,1
Savoy,400ml,1
Sav?r,473ml,3
Sav?r,310ml,1
Sawat D,1kg,1
Sawmill,350 Millilitre,1
Sawmill Creek,350ml,1
Saxon Chocolates,70g,1
Saxon Chocolates,250g,1
Saxon Chocolates,150g,1
Say Cheese,CHEESECAKE,2
Say Cheese,Snack Marble Diet,1
Say Cheese,Snack,1
Say Cheese,SAY CHEESE Snack Chocolate Diet,1
Scarpone's,340 Millilitre,1
Scarpone's,1kg,1
Schar,210g,11
Schar,400g,8
Schar,150g,6
Schar,200g,5
Schar,300g,4
Schar,240g,3
Schar,160g,3
Schar,350g,2
Schar,228g,2
Schar,190g,2
Schar,Sch?r Gluten-Free Deli Style Seeded Sourdough Bread,1
Schar,Sch?r Gluten-Free Breadsticks,1
Schar,SCHAR GLUTEN-FREE MULTIGRAIN CIABATTA,1
Schar,64.5g,1
Schar,420g,1
Schar,4 Each,1
Schar,250g,1
Schar,170g,1
Schar,0.18kg,1
Scheps Bakeries,280g,1
Scheps Bakeries,264g,1
Scheps bakeries,350g,1
Schinoussa,270g,1
Schinoussa (QNI),Schinoussa Probiotic Whey Isolate (2268g/5lb),1
Schmerling,100g,5
Schmerling,300g,1
Schmerlings,100g,15
Schmerlings,92g,2
Schmerlings,88g,1
Schmerlings,300g,1
Schmidt's,75g,10
Schneider,375g,31
Schneider,500g,14
Schneider,90g,10
Schneider,175g,10
Schneider,75g,9
Schneider,450g,9
Schneider,300g,8
Schneider,615g,7
Schneider,900g,6
Schneider,224g,6
Schneider,700g,4
Schneider,120g,4
Schneider,$33.90/1kg,4
Schneider,$25.42/1kg,4
Schneider,250g,3
Schneider,150g,3
Schneider,$38.90/1kg,3
Schneider,$29.17/1kg,3
Schneider,$19.90/1kg,3
Schneider,98g,2
Schneider,60g,2
Schneider,288g,2
Schneider,252g,2
Schneider,232g,2
Schneider,160g,2
Schneider,105g,2
Schneider,102g,2
Schneider,$24.89/1kg $11.29/1lb,2
Schneider,$23.92/1kg,2
Schneider,750g,1
Schneider,600g,1
Schneider,$43.90/1kg,1
Schneider,$4.59/100g,1
Schneider,$39.90/1kg,1
Schneider,$35.90/1kg,1
Schneider,$34.90/1kg,1
Schneider,$32.92/1kg,1
Schneider,$31.90/1kg,1
Schneider,$3.44/100g,1
Schneider,$29.92/1kg,1
Schneider,$26.92/1kg,1
Schneider,$26.17/1kg,1
Schneider,$24.89/1kg,1
Schneider,$22.68/1kg $10.29/1lb,1
Schneider,$17.61/1kg $7.99/1lb,1
Schneider,$15.41/1kg $6.99/1lb,1
Schneider's,224g,8
Schneider's,600g,6
Schneider's,450g,2
Schneider's,400g,2
Schneider's,288g,2
Schneider's,252g,2
Schneider's,232g,2
Schneider's,204g,2
Schneider's,45g,1
Schneider's,375g,1
Schneider's,330g,1
Schneider's,175g,1
Schneider's,160g,1
Schneiders,375g,45
Schneiders,900g,17
Schneiders,450g,15
Schneiders,75g,13
Schneiders,300g,12
Schneiders,175g,12
Schneiders,90g,10
Schneiders,700g,9
Schneiders,400g,5
Schneiders,224g,5
Schneiders,500g,4
Schneiders,120g,4
Schneiders,600g,3
Schneiders,750g,2
Schneiders,4 Each,2
Schneiders,288g,2
Schneiders,232g,2
Schneiders,2 Each,2
Schneiders,150g,2
Schneiders,Thick Cut375g,1
Schneiders,Schneiders Pepperettes Sausage Sticks Hot European,1
Schneiders,Schneiders Pepperettes Bites Sausage Snacks European,1
Schneiders,Schneiders Applewood Smoked Sliced Ham,1
Schneiders,Savoury Honey Garlic900g,1
Schneiders,Red Pepper & Parmesan4 Each,1
Schneiders,Pepperoni,1
Schneiders,Original700g,1
Schneiders,98g,1
Schneiders,45g,1
Schneiders,350g,1
Schneiders,32 GM,1
Schneiders,30 GM,1
Schneiders,252g,1
Schneiders,250g,1
Schneiders,204g,1
Schneiders,190g,1
Schneiders,105g,1
Schneiders,102g,1
Schneiders,0.6kg,1
Schneiders Meat Pie,224g,2
Schneiders Meat Pie,204g,2
School Safe,296g,10
School Safe,320 g total,3
School Safe,320g,2
School Safe,300g,2
School Safe,280g,2
School Safe,12un,2
School Safe,8 Pack Individually Wrapped School Safe Banana Bread Chocolate Chip Muffin Bars,1
School Safe,8 Pack Individually Wrapped Birthday Cake Bars,1
School Safe,8 PK Individually Wrapped Blueberry Muffin Bars,1
School Safe,8 Individually Wrapped Chocolate Brownie Bars,1
School Safe,296 g total,1
Schtark,227g,6
Schtark,907g,4
Schtark,453g,2
Schtark,170g,2
Schtark,Schtark Sliced American - White,1
Schtark,Schtark Sliced American,1
Schtark,Schtark Shredded Premium Pizza 2Lbs,1
Schtark,MOZZARELLA,1
Schtark,142g,1
Schweppes,2l,9
Schweppes,12x355ml,8
Schweppes,6x222ml,6
Schweppes,6x222.0ml,6
Schweppes,12 Each,4
Schweppes,6 Each,3
Schweppes,6x710ml,2
Schweppes,2?l,2
Schweppes,2 Litre,2
Schweppes,15x222ml,2
Schweppes,6x710.0ml,1
Schweppes,591ml,1
Schweppes,591 Millilitre,1
Schweppes,355ml,1
Schweppes,1l,1
Schweppes,15x222.0ml,1
Schweppes,12x355.0ml,1
Schweppes,1 Litre,1
Sch?r,210g,3
Sch?r,4x50g,2
Sch?r,400g,2
Sch?r,200g,2
Sch?r,150g,2
Sch?r,64.5g,1
Sch?r,385g,1
Sch?r,300g,1
Sch?r,250g,1
Sch?r,240g,1
Sch?r,228g,1
Sch?r,190g,1
Sch?r,175g,1
Sch?r,160g,1
Scores,,1
Scotsburn,1.5l,9
Scotsburn,1l,2
Scotsburn,Scotsburn Salted Butter,1
Scotsburn,454g,1
Scotsburn,2l,1
Scotti,1kg,2
Scotti Risotto,210g,2
Scripto,A great value for a quality lighter,1
Sea Crave,260g,6
Sea Crave,310g,3
Sea Crave,12x260.0g,1
Sea Harvest,400g,1
Sea Haul,115g,2
SeaHorse,500g,1
Seagold,106g,1
Sealtest,1l,10
Sealtest,473ml,7
Sealtest,2l,5
Sealtest,4 L bag,4
Sealtest,500ml,3
Sealtest,500g,3
Sealtest,750ml,1
Sealtest,3 L Bag,1
Sealtest,250ml,1
Sealtest,1.75?l,1
Sealtest,1.75l,1
Seapoint,340g,1
Seaquest,400g,16
Seaquest,227g,15
Seaquest,454g,8
Seaquest,340g,4
Seaquest,300g,4
Seaquest,1kg,3
Seaquest,800g,2
Seaquest,1.36kg,2
Seaquest,700g,1
Searay Foods Inc.,680g,1
Searay Foods Inc.,250g,1
Searay Foods Inc.,1.43Kg,1
Season,92g,1
Secret Foods,250 Millilitre,2
Secret Foods,245ml,1
Seeds,Bulk100g,6
Sel Windsor,750g,2
Select Valley,800g,1
Selecta,3 x 245ml,1
Selection,400g,46
Selection,900g,32
Selection,1l,31
Selection,250g,30
Selection,200g,28
Selection,540ml,27
Selection,284ml,22
Selection,500g,20
Selection,12x355ml,20
Selection,500ml,19
Selection,375g,19
Selection,750g,18
Selection,454g,17
Selection,85g,16
Selection,398ml,16
Selection,1kg,15
Selection,800g,13
Selection,320g,13
Selection,796ml,12
Selection,100g,12
Selection,750ml,11
Selection,475ml,11
Selection,450g,11
Selection,420g,11
Selection,375ml,11
Selection,650ml,10
Selection,350g,10
Selection,225g,10
Selection,2kg,9
Selection,60g,8
Selection,4un,8
Selection,48ml,8
Selection,473ml,8
Selection,300g,8
Selection,2?l,8
Selection,150g,8
Selection,8x200ml,7
Selection,700g,7
Selection,6un,7
Selection,675g,7
Selection,600g,7
Selection,4l,7
Selection,270g,7
Selection,227g,7
Selection,215g,7
Selection,12un,7
Selection,100un,7
Selection,355ml,6
Selection,325g,6
Selection,2l,6
Selection,284g,6
Selection,283ml,6
Selection,1?l,6
Selection,946ml,5
Selection,65g,5
Selection,4x107ml,5
Selection,341ml,5
Selection,280g,5
Selection,170g,5
Selection,135g,5
Selection,907g,4
Selection,900ml,4
Selection,850g,4
Selection,650g,4
Selection,620g,4
Selection,6 un - 510g,4
Selection,425g,4
Selection,410g,4
Selection,3l,4
Selection,350ml,4
Selection,340g,4
Selection,210g,4
Selection,12x355ml - cans,4
Selection,890ml,3
Selection,80g,3
Selection,75g,3
Selection,710ml,3
Selection,6x113g,3
Selection,680g,3
Selection,50g,3
Selection,415g,3
Selection,35g,3
Selection,325ml,3
Selection,24x60ml,3
Selection,230g,3
Selection,2.5kg,3
Selection,18un,3
Selection,156ml,3
Selection,12x75ml,3
Selection,125g,3
Selection,120g,3
Selection,105g,3
Selection,1.75l,3
Selection,1.13kg,3
Selection,,3
Selection,908g,2
Selection,9 un - 261g,2
Selection,8x113g,2
Selection,8un,2
Selection,8kg,2
Selection,680ml,2
Selection,620ml,2
Selection,564g,2
Selection,5 bars,2
Selection,450ml,2
Selection,430ml,2
Selection,410ml,2
Selection,40g,2
Selection,3x725g,2
Selection,36un,2
Selection,336g,2
Selection,330g,2
Selection,31-35 un - 1kg,2
Selection,30un,2
Selection,30g,2
Selection,2x284g,2
Selection,298g,2
Selection,288g,2
Selection,282g,2
Selection,275g,2
Selection,265g,2
Selection,24x16g,2
Selection,213ml,2
Selection,2.5l,2
Selection,180g,2
Selection,175g,2
Selection,15l,2
Selection,156g,2
Selection,12x60ml,2
Selection,12x355ml - cans,2
Selection,10un,2
Selection,1.5kg,2
Selection,1.4kg,2
Selection,1.36?l,2
Selection,905g,1
Selection,9 un - 245g,1
Selection,8l,1
Selection,835g,1
Selection,825g,1
Selection,81g,1
Selection,775g,1
Selection,755g,1
Selection,74g,1
Selection,735ml,1
Selection,725g,1
Selection,720ml,1
Selection,700ml,1
Selection,685g,1
Selection,684g,1
Selection,640g,1
Selection,635g,1
Selection,630g,1
Selection,625g,1
Selection,617g,1
Selection,608g,1
Selection,6 un - 342g,1
Selection,6 un - 270g,1
Selection,6 pastry shells,1
Selection,6 bars,1
Selection,5kg,1
Selection,595g,1
Selection,580g,1
Selection,575g,1
Selection,570g,1
Selection,567g,1
Selection,560g,1
Selection,552g,1
Selection,550ml,1
Selection,550g,1
Selection,54g,1
Selection,540g,1
Selection,525g,1
Selection,520g,1
Selection,504g,1
Selection,5.5g,1
Selection,4x113.5g,1
Selection,48un,1
Selection,455ml,1
Selection,440ml,1
Selection,432g,1
Selection,42un,1
Selection,408g,1
Selection,400ml,1
Selection,3un,1
Selection,384g,1
Selection,380g,1
Selection,369ml,1
Selection,354ml,1
Selection,345g,1
Selection,310g,1
Selection,300ml,1
Selection,3.18kg,1
Selection,2x150g,1
Selection,2un,1
Selection,295g,1
Selection,290g,1
Selection,285g,1
Selection,260g,1
Selection,250ml,1
Selection,24x75ml,1
Selection,24x500ml,1
Selection,240g,1
Selection,24 bars,1
Selection,216un,1
Selection,213g,1
Selection,20g,1
Selection,200un,1
Selection,2.27kg,1
Selection,2.26kg,1
Selection,2 shells,1
Selection,190g,1
Selection,18x60ml,1
Selection,185ml,1
Selection,18 bars,1
Selection,172g,1
Selection,16 pieces,1
Selection,157g,1
Selection,130g,1
Selection,12x50ml,1
Selection,12x500ml,1
Selection,12x120ml,1
Selection,12g,1
Selection,113g,1
Selection,11 slices,1
Selection,10x43g,1
Selection,10kg,1
Selection,1.8kg,1
Selection,1.89l,1
Selection,1.75kg,1
Selection,1.68kg,1
Selection,1.65l,1
Selection,1.5?l,1
Selection,1.42l,1
Selection,1.36kg,1
Selection,1.26kg,1
Selection Premium,250g,1
Sempio,500g,6
Sempio,900g,3
Sempio,460g,1
Semya,1080ml,1
Senjay,High Temperature Resistant Easy To Use Safe Coffee Filter Blue Reusable For Home Office For Coffee Machine Blue 5 Capsules+1 Spoon+1 Brush,1
Senjay,Compact Office For Home Colorful,1
Sensible Portions,120g,15
Sensible Portions,142g,6
Sensible Portions,141g,6
Sensible Portions,170g,5
Sensible Portions,106g,5
Sensible Portions,425g,3
Sensible Portions,142 Gram Bag,2
Sensible Portions,Veggies Straws,1
Sensible Portions,Veggie Straws,1
Sensible Portions,Veggie Puffs,1
Sensible Portions,120 Gram Bag,1
Sensible Portions,106 Gram Bag,1
Sentmoon,Sentmoon Wal-mart Deals Rose Flower Ice Cocktail Mix Ice Rose Flower 4 With Ice Tray Deals of The Day,1
Sentmoon,Sentmoon Wal-mart Deals DIY 4 Homemade Ice Cream Chocolate Candy With 20 Wooden Sticks Deals of the Day Clearance Prime,1
Sentmoon,Sentmoon Wal-mart Deals 6 Compartment Folding Popsicle Ice Cream Deals of the Day Clearance Prime,1
Sentmoon,Sentmoon Wal-mart Deals 10 Popsicle Diy Ice Cream Ice Cream Deals of the Day Clearance Prime,1
Sentmoon,Sentmoon Up to 90% Off Printed Kitchen Oil Barrier High Temperature Aluminum Foil Oil Baffle Deals of the Day Clearance Prime,1
Sentmoon,Sentmoon Up to 90% Off Household ice cream DIY mixed color conjoined popsicle with lid Deals of the Day Clearance Prime,1
Sentmoon,Sentmoon Up to 90% Off 4 Hand-held Popsicles With Transparent Self-made Ice Cream With Lid Todays Deals Clearance Sales,1
Sentmoon,Sentmoon Up to 90% Off 4 Hand-held Popsicles With Transparent Self-made Ice Cream With Lid Deals of the Day Clearance Prime,1
Sentmoon,Sentmoon Todays Deals Clearance Sales Ice Cream Food Grade Home Children's Homemade Ice Cream Refrigerator Popsicle Popsicle Ice Cream Popsicle Sales Items for the Day,1
Sentmoon,Sentmoon Todays Deals Clearance Sales DIY 4 Homemade Ice Cream Chocolate Candy With 20 Wooden Sticks Deals of the Day Clearance Prime,1
Sentmoon,Sentmoon Todays Deals Clearance Sales Coffee Filter Foldable Brewing Stainless Steel Filter Suitable For Any Cup Deals of The Day,1
Sentmoon,Sentmoon Todays Deals Clearance Sales Coffee Filter Cup Drip Cup Hand-brewed Coffee Cup Drip Filter Coffee Filter Cup For Hiking Camping Home Office Deals of the Day Clearance Prime,1
Sentmoon,Sentmoon Prime Deals Whole Grains Rice Bucket Wall-Mounted Rice Storage Tank Out Rice Prime Day Deals 2024 Canada,1
Sentmoon,Sentmoon Prime Deals Printed Kitchen Oil Barrier High Temperature Aluminum Foil Oil Baffle Sales Items for the Day,1
Sentmoon,Sentmoon Prime Day Deals 2024 Canada Chopper Portable Vegetable Chopper 250ml 3 Blades USB Rechargeable Suitable For Ginger Chilli Vegetables Meat Spices Beans Etc Home Camping Travelling Deals Flyer,1
Sentmoon,Sentmoon Deals of the Day Clearance Prime Printed Kitchen Oil Barrier High Temperature Aluminum Foil Oil Baffle Todays Deals Clearance Sales,1
Sentmoon,Sentmoon Deals of the Day Clearance Prime Home Baking Bee Rice Cake Model Critter Cake Model Todays Deals Clearance Sales,1
Sentmoon,Sentmoon Deals of the Day Clearance Prime DIY 4 Homemade Ice Cream Chocolate Candy With 20 Wooden Sticks Wal-mart Deals,1
Sentmoon,Sentmoon Deals of the Day Clearance Prime DIY 4 Homemade Ice Cream Chocolate Candy With 20 Wooden Sticks Todays Deals Clearance Sales,1
Sentmoon,Sentmoon Deals of the Day Clearance Prime 6 Compartment Folding Popsicle Ice Cream Wal-mart Deals,1
Sentmoon,Sentmoon Deals of The Day Home Baking Bee Rice Cake Model Critter Cake Model Wal-mart Deals,1
Sentmoon,Powder Spreading Bot Deals of the Day Clearance Prime,1
Sentmoon,Candy Chocolate Jelly Polymer Paste Cake Decoration Todays Deals Clearance Sales,1
Sentmoon,Candy Chocolate Jelly Polymer Paste Cake Decoration Deals of the Day Clearance Prime,1
Sera,720ml,1
Sera,680g,1
Serge,240ml,1
Serramel,sell quantity 500g,1
Sesame Snaps,30g,3
Sesame Snaps,24 Each,2
Sesame Snaps,E-S&F FOOD IMPORT POLISH SESAME SNAPS,1
Sesmark,90g,1
Sesmark Savoury Thins,90g,2
Seven Layer,420g,1
Sha Sha,300x300.0g,3
Sha Sha,300g,1
Sha Sha,250x250.0g,1
ShaSha,ShaSha Ginger Snaps,1
ShaSha,ShaSha Chocolate Snaps,1
ShaSha,250g,1
ShaSha Co.,250g,1
Shady Maple Farms,375ml,5
Shady Maple Farms,500ml,1
Shady Maple Farms,260g,1
Shah,4kg,3
Shah,8kg,2
Shahir Halal,375g,2
Shake 'N Bake,142g,2
Shake 'N Bake,Italian Coating Mix,1
Shake 'N Bake,184g,1
Shake 'N Bake,160g,1
Shake 'N Bake,152g,1
Shake 'n Bake,142g,1
Shake n Bake,160g,2
Shake n Bake,152g,2
Shake n Bake,283g,1
Shaker,130g,4
Shaker,115g,1
Shalini,160g,5
Shalini,150g,1
Shallots,Bulk20g,1
Shan,50g,24
Shan,60g,8
Shan,100g,8
Shan,800g,2
Shan,700g,2
Shan,65g,2
Shan,350g,2
Shan,310g,2
Shan,The Pilau Biryani 50Gm.,1
Shan,Size50G,1
Shan,Shan Paste Mix Ginger Garlic 6X700G,1
Shan,Shan Paste Ginger 6X700G,1
Shan,Shan Paste Garlic 6X700G,1
Shan,Shan Fried Fish Recipe and Masala Mix,1
Shan,Shan Cooking Sauce Sindhi Biryani 6X350G,1
Shan,Shan Cooking Sauce Korma 6X350G,1
Shan,Shan Cooking Sauce Karahi Balti 6X350G,1
Shan,Shan Cooking Sauce Chicken Tandoori 6X350G,1
Shan,Shan Cooking Sauce Butter Chicken 6X350G,1
Shan,Shan Cooking Sauce Bombay Biryani 6X350G,1
Shan,Shan Cooking Sauce Birayni 6X350G,1
Shan,SHAN VEGETABLE LASAGNA 800G,1
Shan,SHAN CHICKEN LASAGNA 800G,1
Shan,SHAN CHICKEN ALFREDO & PENNE 600G,1
Shan,SHAN BEEF LASAGNA 800G,1
Shan,Masala 60g,1
Shan,600g,1
Shan,50gm,1
Shan,50G,1
Shan,300gm,1
Shan,300g,1
Shan,1Kg,1
Shan,150 gram,1
Shan,100gm,1
Shan,1 KG / 2.2 Lbs,1
Shana,300g,21
Shana,400g,18
Shana,Pack of 5,1
Shana,Pack of 4,1
Shana,325g,1
Shana,1200g,1
Shana,10 in pack,1
Shangren,Shangren Coffee Cup 200ml Ceramic Coffee Cup Coffee Roasters Espresso Shot Coffee Cup inner white,1
Shangren,Kitchen Machine Household Electric Pan Baking Tool Spring Cake Red,1
Shangren,Bottom 51mm Portafilter Spouted Stainless Steel Professional Coffee F,1
Shangren,4x Spice Bottle Seasoning Organizer Seasoning Bottle Set for Restauraned Color,1
Shao Mei,280ml,5
Shao Mei,350g,1
Sharman's Proper Pies,350g,7
Sharwood's,395ml,6
Sharwood's,395 Millilitre,5
Sharwood's,250ml,2
Sharwood's,250 Millilitre,2
Shasha,300g,3
Shasha Co.,300g,3
Shasha Co.,540g,1
Shasha Co.,250g,1
Shasha Co.,240g,1
Shaw's,1.5l,5
Shaw's Ice Cream,Vanilla Ice Cream,1
Shaw's Ice Cream,Unicorn Toots Ice Cream,1
Shaw's Ice Cream,Polar Eclipse Ice Cream,1
Shaw's Ice Cream,Moose Tracks Ice Cream,1
Shaw's Ice Cream,Grammy¡¯s Cupboard Ice Cream,1
Shaw's Ice Cream,Gold Medal Ribbon Ice Cream,1
Shaw's Ice Cream,French Vanilla Ice Cream,1
Shaw's Ice Cream,Chocolate Peanut Butter Ice Cream,1
Shefa,450g,12
Shefa,896g,5
Shefa,375g,3
Shefa,1kg,3
Shefa,125g,3
Shefa,,3
Shefa,$39.66/1kg $17.99/1lb,2
Shefa,750g,1
Shefa,1.02kg,1
Shefa,$72.73/1kg $33.00/1lb,1
Shefa,$66.12/1kg $30.00/1lb,1
Shefa,$59.50/1kg $27.00/1lb,1
Shefa,$51.79/1kg $23.50/1lb,1
Shefa,$44.07/1kg $20.00/1lb,1
Shefa,$35.25/1kg $15.99/1lb,1
Shefa,$24.23/1kg $10.99/1lb,1
Shefa Meats,896g,1
Shefa Meats,180g,1
Shefa Meats,,1
Sheila G's,113g,1
Shengyang,Freshwater Shrimp Food Ornamental Shrimp Feed Natural Healthy Sapphire Shrimp,1
Shengyu,Wooden Christmas Frame Advent Countdown Calendar Empty DIY Refillable Unfinished Chocolate Rack Ornament Miniature Gift Animal,1
Shengyu,Shengyu1 24 Pockets Santa Claus Christmas Advent Calendar Wall Hanging Ornament Snacks Biscuits Home Bedroom Living Room Decoration Red Red,1
Sher,9.07kg,4
Sher,1810g,2
Sher,8 Pound,1
Sher,750 Each,1
Sher,4 Pound,1
Sher,20 Pound,1
Sher Fruit & Veggie Squares,312g,5
Sherbon,1l,4
Sherbon,2l,2
Sherni's,500ml,5
Shibanuma,200ml,2
Shibanuma,450ml,1
Shibanuma,300ml,1
Shibolim,170g,10
Shibolim,99g,1
Shibolim,90g,1
Shinho,Soybean paste,1
Shinho,500ml,1
Shirakiku,6.82kg,1
Shirley,105g,2
Shirley,100g,1
Shirriff,375ml,1
Shneider's,100g,18
Shneider's,350g,3
Shneider's,175g,3
Shneider's,150g,3
Shneider's,450g,2
Shneider's,400g,2
Shneider's,360g,2
Shneider's,190g,2
Shneider's,Shneider's Toast Rounds Whole Grain 300g,1
Shneider's,Shneider's Noodle Soup Vegetable 65g,1
Shneider's,Shneider's Noodle Soup Chicken 65g,1
Shneider's,Noodle Soup Vegetable,1
Shneider's,Noodle Soup Chicken,1
Shneider's,Melba Toast Sesame,1
Shneider's,Melba Toast Classic,1
Shneider's,Meal Rice Basmati Natural KPY,1
Shneider's,MEAL VEGGIE MIX,1
Shneider's,Kettle Chips Sea Salt KPY,1
Shneider's,Eggplant,1
Shneider's,Choc Bar Milk White KPY,1
Shneider's,750ml,1
Shneider's,500ml,1
Shneider's,300g,1
Shneider's,250g,1
Shneider's,200g,1
Shoda,500ml,1
Shoda,300ml,1
Shoda,200ml,1
Shopsy's,375g,1
Shopsys,375g,2
Shredded,Fresh160g,1
Shreddies,SHREDDIES HONEY SHRED FS,1
Shreddies,SHREDDIES HONEY FAMILY SIZE,1
Shufra,90g,3
Shufra,100g,3
Shufra,255g,2
Shufra,198g,2
Shufra,Shufra Chocolate Chips KPY,1
Shufra,Fruit Snacks- Strawberry KPY,1
Shufra,Fruit Snacks- Jungle KPY,1
Shufra,20g,1
Shwartz,227g,1
Sicilian,1.65l,23
Sicilian,4x110.0ml,3
Sicilian,440ml,3
Sielski's,1l,2
Siete,142g,11
Siete,37g,4
Siete,156g,3
Siete,Siete Vegan Refried Pinto Beans,1
Siete,Siete Spicy Taco Seasoning,1
Siete,Siete Mild Taco Seasoning,1
Siete,Siete Grain Free Taco Shells,1
Sifto,250g,1
Sifto,1kg,1
Sifto,1.81kg,1
Sifto,1.36kg,1
Sigdal Bakeri,190g,2
Siggi's,650g,6
Siggi's,750g,3
Siggi's,4x100g,3
Siggis,High Protein4 Each,2
Siggis,750g,2
Siggis,650g,2
Siggis,Strawberry650g,1
Siggis,Plain750g,1
Siggis,Black Cherry650g,1
Sijans,24 Each,1
Sikorski,100g,3
Sikorski Sausages,$24.90/1kg,6
Sikorski Sausages,$29.90/1kg,4
Sikorski Sausages,65g,3
Sikorski Sausages,$32.90/1kg,3
Sikorski Sausages,$39.90/1kg,2
Sikorski Sausages,$31.90/1kg,2
Sikorski Sausages,Naturally wood-smoked pork sausage,1
Sikorski Sausages,$37.90/1kg,1
Sikorski Sausages,$34.90/1kg,1
Silani,900g,1
Siljans,24un,2
Silk,946ml,82
Silk,1.89l,81
Silk,1.75l,41
Silk,890ml,17
Silk,650g,14
Silk,946 Millilitre,12
Silk,450ml,12
Silk,1.89 Litre,12
Silk,473ml,10
Silk,500g,9
Silk,200g,9
Silk,640g,8
Silk,1.74l,6
Silk,946ml Shelf Stable Plant Based Milk,5
Silk,1.89L Almond Milk,5
Silk,Dairy-Free,4
Silk,6x236.0ml,4
Silk,625g,4
Silk,1.75L Oat Milk,4
Silk,946ml Aseptic Almond Milk,3
Silk,890 Millilitre,3
Silk,473 Millilitre,3
Silk,1.89L Organic Soy Milk,3
Silk,1.75 Litre,3
Silk,Vanilla890 Millilitre,2
Silk,Shelf Stable,2
Silk,Plant Based Dairy Free Milk,2
Silk,946ml Soy Milk,2
Silk,946ml Oat Milk,2
Silk,890ml Coffee Whitener,2
Silk,6x946.0ml,2
Silk,4x95g,2
Silk,4x100g,2
Silk,473ml Plant Based Coffee Whitener,2
Silk,4 x 95g,2
Silk,100g,2
Silk,1.89L Cashew Milk,2
Silk,1.75L Dairy Free Plant Based Milk,2
Silk,Whole1.74 Litre,1
Silk,Vanilla500g,1
Silk,Vanilla Unsweetened650g,1
Silk,Unsweetened1.75 Litre,1
Silk,Unsweetened Vanilla1.75 Litre,1
Silk,Unsweetened Plain650g,1
Silk,Silk Yog Coco Strawberry Raspberry 4x95g,1
Silk,Silk Soy 890ml Coffee Creamer,1
Silk,Silk Probiotic Vanilla 4x95g,1
Silk,Silk Oat Unsweetened,1
Silk,Silk Oat Seasonal 450ml,1
Silk,Silk Oat Maple Brown Sugar,1
Silk,Silk Oat Hazelnut latte 450ml,1
Silk,Silk Oat Extra Creamy 1.75l,1
Silk,Silk Oat Extra Creamy,1
Silk,Silk Nextmilk Whole,1
Silk,Silk Festive Nog 946ml,1
Silk,Silk Coco Unsw Vanilla 650g,1
Silk,Silk Coco Unsw Plain 650g,1
Silk,Silk Almond Hazelnut 890ml,1
Silk,"Regular,1.74 Litre",1
Silk,Original946 Millilitre,1
Silk,Maple450 Millilitre,1
Silk,Dairy Free,1
Silk,890ml Coffee Creamer,1
Silk,6x946ml,1
Silk,640g Dairy Free Plant Based Yogurt,1
Silk,450ml Coffee Creamer,1
Silk,450 Millilitre,1
Silk,227g,1
Silk,170g,1
Silk,142g,1
Silk,113g,1
Silk,1.89L Coconut Milk,1
Silk,1.74L Dairy like Milk,1
Silver Hills,600g,5
Silver Hills,615g,4
Silver Hills,680g,3
Silver Hills,430g,3
Silver Hills,528g,2
Silver Hills,400g,2
Silver Hills,328g,2
Silver Hills,Sprouted Power600g,1
Silver Hills,Sprouted Power430g,1
Silver Hills,567g,1
Silver Hills,510g,1
Silver Hills Bakery,680g,4
Silver Hills Bakery,615g,3
Silver Hills Bakery,510g,3
Silver Hills Bakery,600g,2
Silver Hills Bakery,430g,1
Silver Hills Bakery,400g,1
Silver Hills Bakery,,1
Silver Swan,1l,3
Silver Swan,Silver Swan Soy Sauce 1l,1
Simmenthal,3x90g,1
Simple Fresh,Young Coconut,1
Simple Fresh,Sold in packs,1
Simple Fresh,Snow Peas,1
Simple Joys,272g,3
Simple Pleasures,310g,1
Simply,1.54l,27
Simply,2.63l,10
Simply,1.54 Litre,9
Simply,340ml,8
Simply,340 Millilitre,3
Simply,2.63 Litre,2
Simply,Pure Pressed1.54 Litre,1
Simply,Pulp Free1.54 Litre,1
Simply 7,100g,2
Simply Cocktails,480ml,2
Simply Delish,20g,3
Simply Delish,Sugar Free20g,2
Simply Delish,48g,2
Simply Delish,Vanilla44g,1
Simply Delish,Natural Flavour Vanilla44g,1
Simply Delish,Chocolate48g,1
Simply Delish,49g,1
Simply Delish,44g,1
Simply Fresh,Sold by piece,1
Simply Irresistible,25.5g,1
Simply Organic,59ml,8
Simply Organic,75g,4
Simply Organic,65g,4
Simply Organic,59g,4
Simply Organic,28g,4
Simply Organic,85g,2
Simply Organic,67.5g,2
Simply Organic,32g,2
Simply Organic,24g,2
Simply Organic,21g,2
Simply Organic,118ml,2
Simply Organic,82g,1
Simply Organic,79g,1
Simply Organic,77g,1
Simply Organic,74g,1
Simply Organic,71g,1
Simply Organic,69g,1
Simply Organic,68g,1
Simply Organic,65.5g,1
Simply Organic,59 Millilitre,1
Simply Organic,55g,1
Simply Organic,4g,1
Simply Organic,46.5g,1
Simply Organic,45g,1
Simply Organic,35g,1
Simply Organic,31g,1
Simply Organic,23g,1
Simply Organic,22g,1
Simply Organic,15g,1
Simply Organic,14g,1
Simply Organic,133g,1
Simply Organic,130g,1
Simply Potatoes,680g,1
Simply Poultry,454g,1
Simply Protein,40g,21
Simply Protein,12x40g,6
Simply Protein,130g,4
Simply Protein,180g,3
Simply Protein,5x25g,2
Simply Protein,30g,2
Simply Protein,33g,1
Simply Protein,12x40.0g,1
Simply Protein,12x30g,1
SimplyProtein,12x40g,3
Siruishop,colorfulland Espresso Portafilter Basket Removal Tool Durable Coffee Portafilter 2Pieces,1
Siruishop,Sweet Lollipop Candy Dollhouse s /12 -Pink,1
Siruishop,Stainless Steel Container for Coffee Machine 10cm/15cm,1
Siruishop,Siruishop Coffee Cup 200ml Ceramic Coffee Cup Coffee Roasters Espresso Shot Coffee Cup inner white,1
Siruishop,Coffee Maker Capsule Pod Refillable Coffee Maker Filter Holes Square Holes,1
Siruishop,10ml Syrup Pump Bottles Pump Dose Juice Replacement Pump Head Kits,1
Sisu,90ea,6
Sisu,60ea,5
Sisu,120ea,3
Sisu,180ea,2
Sisu,30ea,1
Sisu,200ea,1
Sisu,100ea,1
Sitara,3.62 kg (8 lb),6
Sitara,1.81 kg (4 lb),5
Sitara,400ml,3
Sitara,300g,3
Sitara,Sitara Split Red lentils Masoor Dall,1
Sitara,Sitara Moong Whole Mung Beans,1
Sitara,Sitara Moong Dal Split Mung Beans,1
Sitara,Sitara Dark Red Kidney Beans,1
Sitara,Sitara Black-Eyed Peas,1
Sitara,4.54 Kg,1
Siwin,454g,11
Siwin,500g,7
Siwin,375g,7
Siwin,easy to prepare.,1
Siwin,Taiwanese Sausage,1
Siwin,Taiwanese Garlic Sausage,1
Siwin,SWT TOS,1
Siwin,PRK TOS,1
Siwin,Fil Hot Dog,1
Siwin Foods,Momos Vegetable,1
Siwin Foods,Momos Chicken & Vegetable,1
Six Fortune,210g,6
Six Fortune,400g,5
Six Fortune,160g,2
Six Fortune,Six Fortune Cooked Salted Duck Eggs,1
Six Fortune,398ml,1
Six Fortune,200g,1
Six Star,171g,1
Sketch It,554g,1
Ski Queen,250g,1
Skinny Girl,Raspberry Viniagrette237 Millilitre,1
Skinny Girl,Poppyseed237 Millilitre,1
Skinny Girl,Balsamic Viniagrette237 Millilitre,1
Skinny Mixes,Syrup Salted Dark Chocolate SF,1
Skinny Mixes,Syrup Gingerbread SF,1
Skinny Mixes,Syrup Cookies SF,1
Skinny Pop,476g,6
Skinny Pop,125g,4
Skinny Pop,108g,3
Skinny Pop,6x18g,1
Skinny Pop,150g,1
Skinny Sauce,355ml,1
SkinnyPop,SkinnyPop Sweet & Salty Kettle Corn 150g,1
SkinnyPop,SkinnyPop Skinnypack Gluten Free Popcorn 6x18g,1
SkinnyPop,SkinnyPop Sea Salt Microwave Popcorn 474g,1
SkinnyPop,SkinnyPop Gluten Free White Cheddar Popcorn 125g,1
SkinnyPop,SkinnyPop Gluten Free Original Popcorn 125g,1
SkinnyPop,SkinnyPop Butter Popcorn 125g,1
SkinnyPop,SkinnyPop Butter Microwave Popcorn 474g,1
SkinnyPop Popcorn,125g,7
SkinnyPop Popcorn,227g,2
SkinnyPop Popcorn,150g,2
SkinnyPop Popcorn,108g,1
Skinnygirl,237ml,4
Skinnygirl,SKINNYGIRL DRESSING RASPBERRY VINAIGRETTE,1
Skinnygirl,SKINNYGIRL DRESSING POPPYSEED,1
Skinnygirl,SKINNYGIRL DRESSING HONEY DIJON,1
Skinnygirl,SKINNYGIRL DRESSING BALSAMIC,1
Skittles,320g,12
Skittles,191g,8
Skittles,280g,7
Skittles,164g,6
Skittles,130g,6
Skittles,235g,5
Skittles,151g,4
Skittles,61g,3
Skittles,Bag191g,2
Skittles,304g,2
Skittles,1ea,2
Skittles,165g,2
Skittles,1.16kg,2
Skittles,and strawberry star fruit flavors.,1
Skittles,Full Size Bag61g,1
Skittles,Bulk100g,1
Skittles,Bag164g,1
Skittles,Bag151g,1
Skittles,90 Each,1
Skittles,61g Sachet,1
Skittles,57g,1
Skittles,554g,1
Skittles,51g,1
Skittles,48g,1
Skittles,191g Bag,1
Skittles,150g,1
Skittles,1.05kg,1
Skittles and Starburst,90 Count,1
Skittles and Starburst,70 Count,1
Skittles and Starburst,45 Count,1
Skittles_EN,280g_EN,1
Skotidakis,250g,2
Skuta,140g,1
Skyflakes,800g,3
Skyflakes,300g,2
Skyflakes,250g,2
Sleeman,6x473.0ml,2
Sleeman,6x355.0ml,1
Sleeman,30x355.0ml,1
Slim Fast,280g,1
Slim Fast,238g,1
Slim Jim,112g,8
Slim Jim,SJ PANTRY ORG 4/46/365G,2
Slim Jim,Slim Jim Original Protein Meat Stick with no artificial flavours,1
Slim Jim,Slim Jim Mild Protein Meat Stick With No Artificial Flavours,1
Slim Jim,Slim Jim GNT HOT AF 27.5G,1
Smart Balance,2x213.0g,2
Smart Balance,425g,1
Smart Choice,300g,1
Smart Food,156g,4
Smart Food,480g,3
Smart Food,220g,3
Smart Food,50g,2
Smart Food,305g,2
Smart Food,200g,2
Smart Food,180g,2
Smart Food,175g,2
Smart Food,150g,2
Smart Food,White Cheddar Value Pack305g,1
Smart Juice,1l,2
Smart Ones,255g,14
Smart Ones,262g,5
Smart Ones,283g,4
Smart Ones,241g,4
Smart Shaker,200g,1
Smart Sweets,50g,34
Smart Sweets,45g,3
Smart Sweets,86g,2
Smart Sweets,70g,2
Smart Sweets,1un,1
SmartSweets,Candy with no artificial sweeteners or added sugar,4
SmartSweets,No artificial sweeteners or added sugar.,2
SmartSweets,No artificial sweeteners and added sugar.,1
Smartfood,175g,3
Smartfood,200g,2
Smartfood,180g,2
Smartfood,165g,2
Smartfood,150g,2
Smartfood,50g,1
Smartfood,50GM,1
Smartfood,480 g.,1
Smartfood,45g,1
Smartfood,305 GM,1
Smartfood,220g,1
Smartfood,200GM,1
Smartfood,180GM,1
Smartfood,175GM,1
Smartfood,156g,1
Smartfood,156 GM,1
Smartfood,150GM,1
Smartfood.,480 g.,1
Smarties,130g,2
Smarties,90g,1
Smarties,9 x 10g,1
Smarties,74 g (4 x 18.5 g),1
Smarties,45 GR,1
Smarties,42g,1
Smarties,400 GR,1
Smarties,4 x 45 G,1
Smarties,250g,1
Smarties,200g,1
Smarties,18x203g,1
Smarties,18.5g,1
Smarties,150g,1
Smarties,1 KG,1
Smokeys,375g,3
Smoky Bay,750ml,2
Smucker's,250ml,14
Smucker's,500ml,10
Smucker's,428ml,9
Smucker's,310ml,9
Smucker's,390ml,8
Smucker's,500 Millilitre,5
Smucker's,250 Millilitre,5
Smucker's,4 Each,4
Smucker's,205g,4
Smucker's,428 Millilitre,3
Smucker's,390 Millilitre,3
Smucker's,10x58g,3
Smucker's,4x58g,2
Smucker's,4x52g,2
Smucker's,310 Millilitre,2
Smucker's,10 Each,2
Smucker's,Ultimate combo of Peanut Butter & Strawberry Spread.,1
Smucker's,4g,1
Smucker's,232g,1
Smucker's,1 Litre,1
Smucker's?,310ml,4
Smucker's?,500ml,3
Smucker's?,428ml,2
Smucker's?,250ml,2
Smuckers,250ml,15
Smuckers,310ml,9
Smuckers,500ml,8
Smuckers,4x58.0g,3
Smuckers,4x52.0g,2
Smuckers,205g,2
Smuckers,1l,2
Smuckers,10x58.0g,2
Smuckers,10x52.0g,1
Snack Factory,200g,10
Snack Factory,155g,2
Snack Mix,100g,1
Snack Pack,4x99g,13
Snack Pack,4 Each,12
Snack Pack,396g,11
Snack Pack,227g,3
Snack Pack,6 Each,2
Snack Pack,SNACK PACK Cinnamon Cinnabon,1
Snack Pack,SNACK PACK Cherry Desserts,1
Snack Pack,Oatmeal225g,1
Snack Pack,99g,1
Snack Pack,6x99g,1
Snack Pack,600g,1
Snack Pack,6-99g Cups (594g),1
Snack Pack,6 x 99g (594 g),1
Snack Pack,4 x 99g,1
Snack Pack,200g,1
Snack Pack,12 Pudding Cups12 Each,1
Snack Pack,12 Each,1
Snack Pow,200g,2
Snack and Bec,100g,1
Snack pack,6x99g,1
Snackconscious,150g,6
Snackpack,4x99.0g,16
Snackpack,594g,2
Snackpack,552g,2
Snackpack,396g,1
Snackpack,368g,1
Snair's,Multigrain bread,1
Snair's,60% WW bread,1
Snapper,175g,1
Snappers,170g,4
Snapple,473ml,12
Snapple,473 Millilitre,5
Snapple,1890ml,4
Snapple,945ml,3
Snapple,Zero Sugar473 Millilitre,2
Snapple,1.89l,2
Snappy Snax,426g,8
Snappy Snax,312g,4
Snappy Snax,425g,3
Snappy Snax,175g,3
Snappy Snax,255g,2
Snappy Snax,252g,2
Snappy Snax,S - Wafer Rolls Hazelnut,1
Snappy Snax,S - Wafer Rolls Chocolate,1
Snappy Snax,L - Wafer Rolls Hazelnut,1
Snappy Snax,L - Wafer Rolls Chocolate,1
Snax Pack,30g,1
Snickers,52g,3
Snickers,One King Size bar contains 93g of SNICKERS Peanut and Milk Chocolate Candy,1
Snickers,Full Size Bar52g,1
Snickers,93g,1
Snickers,4 Each,1
Snickers,208g,1
Snickers,104g,1
Snowdon Bakery,625g,1
Snowdon Bakery,325g,1
Snowdonia,200g,6
Snowdonia,150g,3
Snowdonia,100g,2
Snowdonia,114g,1
Snowdonia Cheese Company,200g,1
Snyder's of Hanover,240 G,4
Snyder's of Hanover,240g,3
Snyder's of Hanover,Swirl Cookies225g,1
Snyder's of Hanover,Chocolate250g,1
Snyders,240g,12
Sn?,3x90ml Dairy Free Frozen Dessert,3
Sn?,Volume-270ml/9x30ml,1
Sn?,Mochi (rice cake) filled with green tea ice-cream,1
Sn?,Melona Honeydew Melon Ice Bar 8 x 70ml,1
Sn?,E-SNO SNO CANDYCANE TUB,1
Sn?,6x60ml Dairy-Free Frozen Creams Pop Strawberry and Orange,1
Sn?,6x58ml Dairy-Free Frozen Fudge Pop,1
Sn?,500ml Dairy Free Frozen Dessert,1
Sn?,3x100ml Dairy Free Frozen Dessert,1
Sn?,3x100ml,1
So Delicious,500ml,21
So Delicious,272ml,8
So Delicious,150g,8
So Delicious,479ml,6
So Delicious,500 Millilitre,5
So Delicious,4x68ml,4
So Delicious,Cashew Frozen Dessert,3
So Delicious,266ml,3
So Delicious,68ml,2
So Delicious,4 Each,2
So Delicious,So Delicious Dairy Free Gluten Free Peanut Butter Brownie Cashew 500ml,1
So Delicious,Oat Base 500ml,1
So Delicious,Frozen Sandwiches,1
So Delicious,Frozen Mini Bars,1
So Delicious,Coconut Milk Ice Bars,1
So Delicious,Coconut Frozen Dessert,1
So Delicious,Cashew Ice Bars,1
So Delicious,8x68ml,1
So Delicious,255 Millilitre,1
So Fresh,946ml,5
So Nice,1.75l,6
So Nice,946ml,2
So Nice,946 Millilitre,1
So Nice,1.75 Litre,1
So Veggie So Wise,90g,1
So Veggie So Wise,100g,1
Sober Carpenter,473ml - can,4
Sober Carpenter,4x355.0ml,1
Sober Carpenter,473ml,1
Sober Carpenter,1ea,1
Social Lite,4x355.0ml,2
Society Tea,900g,1
SodaStream,440ml,23
SodaStream,One 40ml bubly drops ? bottle,6
SodaStream,40ml,6
SodaStream,makes 9 liters,5
SodaStream,500ml,5
SodaStream,Pepsi Flavour for SodaStream,1
SodaStream,One 40ml bubly drop ? bottle,1
SodaStream,Diet Pepsi Flavour for SodaStream,1
SodaStream,7up Flavour for SodaStream,1
SodaStream,1un,1
Sodastream,440ml,7
Sodastream,40ml,6
Sogel,320g,1
Sogel,2 x 454 g - 2 bags microwavable or boil in bag,1
Sohna,Sarson ka Saag,1
Sohna,850g,1
Soignon,125g,1
Sojami,125g,2
Sol Cuisine,284g,6
Sol Cuisine,300g,4
Sol Cuisine,241g,4
Sol Cuisine,907g,2
Sol Cuisine,255g,2
Solar Raw Food,100g,1
Solenzi,227g,2
Solidarnosc,350g,2
Solmaz,350g,4
Solmaz,200g,4
Solmaz,85g,2
Solmaz,500g,2
Solmaz,175g,2
Solmaz,450g,1
Solmaz,375g,1
Solo,355ml,6
Solo,250ml,2
Solo Fruit,500ml,4
Somerdale,1 piece,1
Something Special,300g,2
Something Special,300GR,1
Something Special?,300g,1
Sonora,420g,1
Sonora,372g,1
Sonora,344g,1
Soofee's,120g,7
Soofee's,150g,2
Sorbetero,1.42l,2
Soss,250ml,4
Soss,355ml,2
Sosyo,Kashmira Jeera Masala Soda Glass Bottles-300ml,1
Sosyo,Kashmira Jeera Masala Soda Glass Bottles-12X300ml,1
Soup's On,925ml,4
Soup's On Soup,925ml,7
Soupesoup,625ml,3
Souptacular,340g,1
Sour Patch Kids,154g,10
Sour Patch Kids,150g,10
Sour Patch Kids,315g,5
Sour Patch Kids,816g,1
Sour Patch Kids,308g,1
Sour Punch,255g,1
South Specialties,170g,1
South Word Brand,Quantity - 454g,1
South Word Brand,Quantity - 400g,1
Souvlaki Bar,480g,2
Soyganic,350g,3
Soyganic,500g,2
Soyganic,454g,1
Soyganic,2x150g,1
Soykei,500g,1
Spam,340g,8
Spanx,Supportive Underwire with Swift Fit - Very Black 34C One Size,1
Sparking Ice,503ml,2
Sparkling Ice,503ml,24
Sparkling Ice,503 Millilitre,8
Sparkling Ice,473ml,5
Sparkling Ice,473 Millilitre,2
Sparkling Ice,Citrus Twist473 Millilitre,1
Sparkmouth,355 Millilitre,2
Sparks,Sparks White Eggs 30 Pack Medium,1
Sparks,30 Count,1
Spatone,28ea,1
Special K,165g,2
Special K,10 bars,2
Special K,Special Edition,1
Special K,Made with Whole Grains,1
Special K,Family Size,1
Special K,700g,1
Special K,570g,1
Special K,545g,1
Special K,500g,1
Special K,435g,1
Special K,360g,1
Special K,355g,1
Special K,320g,1
Specialty Bakers,Vanilla6 Each,1
Spectrum,473ml,3
Spectrum,414ml,2
Spectrum,170g,2
Spectrum Naturals,750 Millilitre,1
Spectrum Naturals,473 Millilitre,1
Spectrum Naturals,414 Millilitre,1
Sperlari,160gr,1
Sperlari,160 gr,1
Sperlari,125gr,1
Spice Tailor,285ml,1
Spice World,907g,2
Spiro,100g,1
Spitz,210g,23
Spitz,227g,2
Spitz,170g,2
Spitz,100GM,2
Spitz,Strawberry300g,1
Spitz,Lemon300g,1
Spitz,150g,1
Splash,24 Each,2
Splash Blast,6x500ml,2
Splash Blast,24x500ml,1
Splenda,280g,6
Splenda,540g,5
Splenda,454g,4
Splenda,275g,4
Splenda,sucralose,3
Splenda,80g,3
Splenda,50ml,3
Splenda,200g,3
Splenda,100g,3
Splenda,92ml,2
Splenda,908g,2
Splenda,80ea,2
Splenda,50g,2
Splenda,221g,2
Splenda,220g,2
Splenda,11g,2
Splenda,stevia sweetener,1
Splenda,stevia,1
Splenda,granulated stevia sweetener,1
Splenda,Splenda Stevia 200ct Packets,1
Splenda,Natural monk fruit sweetener,1
Splenda,A mix of Splenda Sweetener (sucralose) and sugar.,1
Splenda,50 Millilitre,1
Splenda,40un,1
Splenda,400g,1
Splenda,200un,1
Splenda,200 un - tablets,1
Splenda,200 Each,1
Spptty,For Home Office Pink,1
Spptty,For Bakery Kitchen Accessory Restaurant Home 3 Grooves,1
Spptty,Explosion Proof Coffee Pot Electroplated Grey For Kitchen 500ml,1
Sprague,398ml,4
Sprague,398ml Reheat and Serve,3
Sprague,WHITE BEAN CHILI,1
Sprague,TRIPLE BEAN CHILI,1
Sprague,Sugarbush Baked Beans,1
Sprague,Sprague Curried Chick Peas,1
Sprague,Sprague Cuban Black Beans,1
Sprague,SLOPPY JOES,1
Sprague,Prince Edward County Baked Beans,1
Sprague,E-SPRAGUE ORGANIC RED KIDNEYS,1
Sprague,E-SPRAGUE ORGANIC BLACK BEANS,1
Sprague,Cowboy Baked Beans,1
Sprague,Campfire Baked Beans,1
Sprague,398ml - Reheat and Serve,1
Spread 'Em Kitchen Co.,200g,3
Spread'Em,183g,2
Spread'em Kitchen,Chives & Garlic185g,1
Spring,1l,1
Spring,1.5l,1
Spring Creek,6un,1
Spring Creek,18un,1
Spring Creek Quail Farms,6 per pack,1
Spring Creek Quail Farms,18 per pack,1
Spring Home,550g,1
Spring Lamb,568g,1
Spring Valley,369g,3
Spring Valley,817g,1
Spring Valley,680g,1
Spring Valley,369G,1
Springer's Meats,$22.91/1kg $10.39/1lb,1
Springer's Meats,$15.41/1kg $6.99/1lb,1
Springhills,510g,1
Springvale,852g,1
Sprite,500ml,10
Sprite,2l,6
Sprite,12x355ml,6
Sprite,the coldest-est lemon-lime soda yet with an innovative cooling sensation complemented by a delicious cherry lime flavor. It¡¯s the satisfying cut-through refreshment you love from Sprite with a clean cool taste that intensifies after every sip.,4
Sprite,8x300ml - mini bottles,4
Sprite,6x222.0ml,4
Sprite,12x355.0ml,4
Sprite,1.36 Litre,4
Sprite,1 Each,4
Sprite,6 Each,3
Sprite,2?l,3
Sprite,12 Each,3
Sprite,900 Millilitre,2
Sprite,6x710ml,2
Sprite,6x710.0ml,2
Sprite,6x222ml,2
Sprite,355ml,2
Sprite,2 Litre,2
Sprite,1?l,2
Sprite,1l,2
Sprite,12 x 355ml,2
Sprite,8x300.0ml,1
Sprite,8 Each,1
Sprite,710ml,1
Sprite,6 x 710ml,1
Sprite,6 x 222ml,1
Sprite,300mlx8,1
Sprite,24x355.0ml,1
Sprite,200 Millilitre,1
Sprite,20 Each,1
Sprite Zero,2?l,1
Sproud,1 Litre,1
Spudlers,1.2kg,1
Spurtree,395g,2
Spurtree,283g,1
Squash,Organic810g,1
Squash,Fresh810g,1
Squash,810g,1
Squash,682.5g,1
Squashies,160g,1
Squid,725ml,1
Squid Brand,725ml,3
Squoosh,4x90g,2
St Albert,270g,2
St Albert,200g,1
St Dalfour,225ml,3
St Dalfour,284g,1
St Francis Herb Farm,100ml,1
St Hubert,398ml,9
St Hubert,235g,5
St Hubert,800g,4
St Hubert,57g,3
St Hubert,715g,2
St Hubert,470g,2
St Hubert,20g,2
St Hubert,52g,1
St Hubert,46g,1
St Hubert,30g,1
St Hubert,25g,1
St Louis COV,1 Pound,1
St Lucia,475g,1
St Regis,750 Millilitre,3
St-Agur,125g,1
St-Albert,200g,1
St-Ambroise,6x355ml,1
St-Donat Bakery,620g,6
St-Donat Bakery,300g,5
St-Donat Bakery,590g,3
St-Donat Bakery,600g,2
St-Donat Bakery,570g,2
St-Donat Bakery,275g,2
St-Donat Bakery,600?g,1
St-Donat Bakery,590?g,1
St-Donat Bakery,450g,1
St-Donat Bakery,270g,1
St-Fid¨¨le,,1
St-Hubert,540ml,4
St-Hubert,350ml,4
St-Hubert,800g,3
St-Hubert,57g,3
St-Hubert,398ml,3
St-Hubert,625g,2
St-Hubert,600g,2
St-Hubert,575g,2
St-Hubert,500g,2
St-Hubert,ST-HUBERT Hot Piri-Piri sauce,1
St-Hubert,ST-HUBERT Chicken & Ribs BBQ sauce,1
St-Hubert,750g,1
St-Hubert,680g,1
St-Hubert,550g,1
St-Hubert,52g,1
St-Hubert,510g,1
St-Hubert,46g,1
St-Hubert,35g,1
St-Hubert,335g,1
St-Hubert,300ml,1
St-Michel,250g,1
St-M¨¦thode,550g,10
St-M¨¦thode,650g,6
St-M¨¦thode,600g,6
St-M¨¦thode,500g,5
St-M¨¦thode,675?g,2
St-M¨¦thode,675g,2
St-M¨¦thode,570g,2
St-M¨¦thode,550 g,2
St-M¨¦thode,Les Grains St-M¨¦thode ground flax chia sliced bread,1
St-M¨¦thode,Les Grains St-M¨¦thode Whole Oat Bread,1
St-M¨¦thode,Les Grains St-M¨¦thode White Loaf,1
St-M¨¦thode,Les Grains St-M¨¦thode 9 whole grains sliced bread,1
St-M¨¦thode,La R¨¦colte de St-M¨¦thode Home Style White Loaf,1
St-M¨¦thode,Campagnolo Club white loaf,1
St-M¨¦thode,Campagnolo 100% Multigrain Sliced Bread Loaf,1
St-M¨¦thode,625g,1
St-Viateur Bagel,6 un - 480g,1
St-Viateur Bagel,480 g total,1
St. Dalfour,225ml,13
St. Hubert,625g,2
St. Hubert,STH Poutine Gravy Sauce 52g,1
St. Hubert,STH Chicken pot pie 800g,1
St. Hubert,Hot Chicken Sandwich Gravy,1
St. Jorge,$51.90/1kg $23.55/1lb,1
St. Jorge,$44.90/1kg $20.37/1lb,1
St. Regis,750ml,5
Stacy's,227g,14
Stacy's,208g,5
Stagg,425g,23
Stagg Chili,425g,6
Standard Quaker Oats,511g,2
Standard Quaker Oats,1kg,2
Standard Quaker Oats,900g,1
Standard Quaker Oats,709g,1
Standard Quaker Oats,2.25kg,1
Stanley Park Brewing,355ml Cans4 Each,2
Stanley Park Brewing,Trail Hopper4 Each,1
Stappi,6x100.0ml,3
Stappi,4x200.0ml,1
Star Egg,Star Egg White Eggs 30 Pack Medium,1
Star of the Sea,375g,1
Star of the Sea,350g,1
Starbucks,828ml,43
Starbucks,340g,30
Starbucks,100g,25
Starbucks,10un,24
Starbucks,405ml,20
Starbucks,8un,17
Starbucks,10ea,16
Starbucks,444ml,15
Starbucks,1.18l,14
Starbucks,300g,10
Starbucks,1.42l,10
Starbucks,24un,9
Starbucks,24ea,9
Starbucks,793g,8
Starbucks,10 EA,8
Starbucks,907g,6
Starbucks,8ea,6
Starbucks,26.4g,6
Starbucks,240g,6
Starbucks,115g,6
Starbucks,57g,5
Starbucks,53g,5
Starbucks,311g,5
Starbucks,283g,5
Starbucks,24 EA,5
Starbucks,10 Each,5
Starbucks,946ml,4
Starbucks,8 Each,4
Starbucks,444 Millilitre,4
Starbucks,405 Millilitre,4
Starbucks,Medium Roast340g,3
Starbucks,8 x 230ml,3
Starbucks,794g,3
Starbucks,68g,3
Starbucks,550g,3
Starbucks,44un,3
Starbucks,1.18 Litre,3
Starbucks,Medium Roast793g,2
Starbucks,Medium Roast10 Each,2
Starbucks,Medium Roast,2
Starbucks,Dark Roast907g,2
Starbucks,Dark Roast793g,2
Starbucks,Dark Roast340g,2
Starbucks,Dark Roast24 Each,2
Starbucks,Dark Roast,2
Starbucks,930g,2
Starbucks,90g,2
Starbucks,907 G,2
Starbucks,8x3.3g,2
Starbucks,10x24g,2
Starbucks,10ct,2
Starbucks,10 x 40ml,2
Starbucks,10 Nespresso Coffee Pods,2
Starbucks,1.42 Litre,2
Starbucks,While Chocolate Mocha828 Millilitre,1
Starbucks,Starbucks Cold Brew Unsweetened 1.18l,1
Starbucks,STBX PSL 1.18,1
Starbucks,STARBUCKS FRAP OAT CARM,1
Starbucks,STARBUCKS DOUBLE SHOT,1
Starbucks,Pumpkin Spice Latte828 Millilitre,1
Starbucks,Pike Place Roast8 Each,1
Starbucks,Medium Roast907g,1
Starbucks,Medium Roast8 Each,1
Starbucks,Medium Roast44 Each,1
Starbucks,Medium Roast24 Each,1
Starbucks,Latte8 Each,1
Starbucks,Flavoured311g,1
Starbucks,Dark Roast8 Each,1
Starbucks,Dark Roast44 Each,1
Starbucks,Dark Roast10 Each,1
Starbucks,Cinnamon Dolce Latte828 Millilitre,1
Starbucks,Caramel Macchiato828 Millilitre,1
Starbucks,Capsules by Nespresso53g,1
Starbucks,Blonde Roast8 Each,1
Starbucks,Blonde Roast340g,1
Starbucks,Blonde Roast24 Each,1
Starbucks,Almond & Oat Pumpkin Spice Latte828 Millilitre,1
Starbucks,Almond & Oat Caramel Macchiato828 Millilitre,1
Starbucks,Almond & Oat - Hazelnut Latte828 Millilitre,1
Starbucks,98g,1
Starbucks,900 Millilitre,1
Starbucks,90 GR,1
Starbucks,53 GR,1
Starbucks,528g,1
Starbucks,51g,1
Starbucks,5 Each,1
Starbucks,48 Millilitre,1
Starbucks,414ml,1
Starbucks,340 GR,1
Starbucks,311 GR,1
Starbucks,297.67g,1
Starbucks,24 Each,1
Starbucks,10 ct,1
Starburst,191g,8
Starburst,164g,7
Starburst,320g,4
Starburst,58g,2
Starburst,191g Bag,1
Stash,20 Each,10
Stash,18 Each,7
Stash,16un,5
Stash,18ea,2
Stash,Caffeine Free18 Each,1
Stash,Bedtime Blend20 Each,1
Stash,20un,1
Stash Tea,Pack of 20,4
Stash Tea,20 tea bags,2
Stash Tea,Pack of 18,1
Stash Tea,18 x 2g,1
Stassen,150g,2
Station Cold Brew,355ml,1
Station Cold Brew Coffee,355ml,1
StayBrite,36 cups,1
Steam Whistle,6x473.0ml,1
Steaz,473ml,1
Steeves Maples,250ml,2
Steeves Maples,750ml SM Natural Maple Taste,1
Steeves Maples,250ml SM SF Maple,1
Steeves Maples,1L SM SF Maple,1
Stefano,605 Millilitre,1
Stefano Faita,648ml,7
Stefano Faita,1ea,5
Stefano Faita,648 Millilitre,4
Stefano Faita,635ml,3
Stefano Faita,605 Millilitre,3
Stefano Faita,605ml,1
Stefano Faita,454g,1
Stefano Faita,430ml,1
Stefano Faita,430 Millilitre,1
Stefano Faita,429g,1
Stefano Faita,424g,1
Stefano Faita,405 Millilitre,1
Stefano Faita,404g,1
Stefano Faita,397g,1
Stefano Faita,393g,1
Stefano Faita,392g,1
Steinhause,24x148.0ml,1
Steinhause,148ml,1
Stella,520g,2
Stella,6x473.0ml,1
Stella,6x330.0ml,1
Stella,473ml,1
Stellareats,357g,1
Stellareats,347g,1
Stevia in the raw,275g,1
Stieffenhoffer,200g,1
Stik-O,280g,2
Stik-o,280g,2
Stik-o,380g,1
Stock and Barrel,450g,4
Stock and Barrel,240g,3
Stock and Barrel,625g,2
Stock and Barrel,800g,1
Stock and Barrel,700g,1
Stock and Crown Coffee Co,340g,1
Stockan's,100g,1
Stockans,100g,1
Stok,1.42l,1
Stoked Oats,500g,5
Stoked Oats,300g,4
Stonefire,170g,5
Stonefire,360g,4
Stonefire,250g,4
Stonefire,200g,4
Stonefire,750g,1
Stonefire,460g,1
Stonefire,400g,1
Stonefire,4 Each,1
Stonefire,2 Each,1
Stonefire? Authentic Flatbreads,Stonefire? Original Naan Rounds 12 Pack,1
Stonefire? Authentic Flatbreads,Stonefire? Original Naan 2PK,1
Stonefire? Authentic Flatbreads,Stonefire? Orig Mini Naan 4PK,1
Stonefire? Authentic Flatbreads,Stonefire? Garlic Naan 4PK,1
Stonefire? Authentic Flatbreads,Stonefire? Garlic Naan 2PK,1
Stonefire? Authentic Flatbreads,"Stonefire? 8.5"" Pizza Crust",1
Stonefire? Authentic Flatbreads,Stonefire? 6x13 Flatbread 2PK,1
Stonefire? Authentic Flatbreads,750g,1
Stonefire? Authentic Flatbreads,360g,1
Stonefire? Authentic Flatbreads,300g,1
Stonemill,454g,13
Stonemill,550g,8
Stonemill,600g,3
Stonemill,283g,3
Stonemill,425g,2
Stonemill,Stonemill? Honest Wellness Cranberry Pumpkin Seed Bread,1
Stonemill,Stonemill? Honest Wellness Chia and Supergrains Bread,1
Stonemill,Stonemill? Clearly Good Quinoa and Flax Bread,1
Stonemill,Stonemill? Bakehouse Roasted Garlic & Sea Salt Sliced Bread,1
Stonemill Bakehouse,454g,12
Stonemill Bakehouse,550g,4
Stonemill Bakehouse,600g,2
Stonewall Kitchen,314ml,3
Stonewall Kitchen,142g,3
Stonewall Kitchen,340g,1
Stonewall Kitchen,330ml,1
Stonewall Kitchen,185ml,1
Stonewall Kitchen,167g,1
Stonewall Kitchen,164g,1
Stonewall Kitchen,125g,1
Stoneyfield,8x57.0g,1
Stoneyfield,6x113.0g,1
Storck,200g,5
Storck,135g,1
Stouffers,113g,1
Stove Top,120g,9
Strauss,500g,2
Strauss,935g,1
Strawberry Blonde,315g,3
Strawberry Blonde,610g,1
Strawberry Blonde,410g,1
Strawberry Blonde,200g,1
Street Legal,473 Millilitre,1
Street Legal,4 Each,1
Streit's,312g,12
Streit's,340g,8
Streit's,170g,7
Streit's,128g,7
Streit's,300g,5
Streit's,77g,4
Streit's,341g,4
Streit's,142g,4
Streit's,336g,3
Streit's,127g,3
Streit's,119g,3
Streit's,141g,2
Streit's,Streits Matzo Ball & Soup Mix KPY,1
Streit's,Streit's Soup Base Vegetable No MSG,1
Streit's,Streit's Soup Base Chicken No MSG,1
Streit's,Streit's Soup Base Beef No MSG,1
Streit's,Streit's Matzos - Lightly Salted - Case Of 12 - 11 Oz.,1
Streit's,Streit's Matzo Ball & Soup Mix-Low Sodium KPY,1
Streit's,Streit's Gravy Mix Brown 119g,1
Streit's,Streit's Gravy Mix Brown,1
Streit's,Soup Nuts Box 50g,1
Streit's,Soup Base Vegetable No MSG 142g,1
Streit's,Soup Base Chicken No MSG 142g,1
Streit's,Soup Base Beef No MSG 142g,1
Streit's,Matzo Unsalted 312g,1
Streit's,Matzo Ball & Soup Mix-Low Sodium KPY 128g,1
Streit's,Matzo Ball & Soup Mix KPY 128g,1
Streit's,Matzo 100% Whole Wheat 312g,1
Streit's,946g,1
Streit's,84g,1
Streit's,78g,1
Streit's,50g,1
Streit's,49g,1
Streit's,454g,1
Streit's,397g,1
Streit's,298g,1
Streit's,2,1
Streit's,184g,1
Streit's,15g,1
Streit's,113g,1
Strong Root,350g,8
Strong Roots,350g,20
Strongbow,8x440.0ml,1
Strub's,1l,6
Strub's,750ml,1
Strub's,6 eggs,1
Strub's,250ml,1
Strub's,1.5l,1
Strubs,1 Litre,1
Stubb' s,143g,1
Stubb's,450ml,6
Stubb's,450 Millilitre,2
Stubb's,143g,2
Stubb's,131g,2
Stubb's,151g,1
Stubb's,144g,1
Stubbs,131g,1
Stubbs's,450 Millilitre,1
Stur,42ml,6
Stur,all natural,2
Stur,552ml,2
Styesk,Styesk Lover Mother's Day Flower DIY Three-dimensional Frosting Home Baking Fudge Maker,1
Styesk,Styesk Candy Box Nut Snack Organizer Melon Dried Fruit Tray With Lid Compartment Storage Box Nut And Dried Fruit Organizer Snack Tray For Kitchen And Parties,1
St¨­k,1.42l,4
Subi,280g,2
Subi,264g,1
Sublime,180g,2
Sublime,900g,1
Sublime,450g,1
Subolong,Small Mini Pepp Shak Spice Shak Flavoring Shak for Kitchen Outdoor Picnic Camping Lunch Boxe Travel Spice Set (2PC),1
Subolong,Brown,1
Subway,473ml,8
Subway,437ml,4
Sufra,840g,10
Sufra,454g,7
Sufra,750g,6
Sufra,645g,3
Sufra,1.505kg,3
Sufra,1.28kg,3
Sufra,907g,2
Sufra,828g,2
Sufra,568g,2
Sufra,500g,2
Sufra,450g,2
Sufra,375g,2
Sufra,2kg,2
Sufra,1.7kg,2
Sufra,1.6kg,2
Sufra,1.575kg,2
Sufra,1.55kg,2
Sufra,1.54kg,2
Sufra,1.075kg,2
Sufra,$7.69/1kg $3.49/1lb,1
Sufra,$6.59/1kg $2.99/1lb,1
Sufra,$4.26/1kg $1.93/1lb,1
Sufra,$39.66/1kg $17.99/1lb,1
Sufra,$24.23/1kg $10.99/1lb,1
Sufra,$24.23/1kg,1
Sufra,$14.53/1kg $6.59/1lb,1
Sugar,Bulk100g,2
Sugar Party,170g,12
Sugar Twin,200un,1
Sugar Twin,200g,1
Sugar Twin,200 Each,1
Sugar Twin,100un,1
Sugar Twin,100ea,1
Sugar in the Raw,500g,1
Sugardale,4kg,1
Sugardale,375g,1
Sugardale,$8.80/1kg $3.99/1lb,1
Sugardale,$5.49/1kg $2.49/1lb,1
Sugo,50g,2
Sugrain,1kg,2
Sukin,125ml,5
Sukin,500ml,4
Sukin,120ml,1
Sultana,Sourdough Rye275g,1
Sultana,Bulk100g,1
Sum-m,350g,6
Sum-m,250g,5
Sum-m,340g,2
Summ!,6 pieces/1 sauce 350g,2
Summ!,6 x Rolls + 1 x caramel sauce,1
Summ!,350g,1
Summ!,250g,1
Summ!,250 g total,1
Summ!,10 pieces/1 sauce 250g,1
Summ!,10 Gyoza + 1 packet of Gyoza sauce,1
Summer Fresh,227g,20
Summer Fresh,300g,10
Summer Fresh,200g,9
Summer Fresh,800g,8
Summer Fresh,83g,5
Summer Fresh,340ml,5
Summer Fresh,340 Millilitre,5
Summer Fresh,255g,3
Summer Fresh,118g,3
Summer Fresh,750g,2
Summer Fresh,283g,2
Summer Fresh,Variety Pack 500g,1
Summer Fresh,Summer Fresh Pad Thai Salad,1
Summer Fresh,Summer Fresh Dill Pickle Potato Salad,1
Summer Fresh,Hummus & Crackers-Original,1
Summer Fresh,4x57g,1
Summer Fresh,4 Each,1
Summerland Sweets,341 Millilitre,2
Sumol,sell quantity 1.5lt,3
Sumol,330ml,3
Sumol,1.5l,3
Sumol,sell quantity case 6x330ml,1
Sumol,sell quantity 6x330ml,1
Sun Butter,454g,1
Sun Chips,205g,2
Sun Chips,106g,1
Sun Exotic,1l,2
Sun Rich,325g,1
Sun Rich,270g,1
Sun Rich,240g,1
Sun Rich,227g,1
Sun Rype,120g,4
Sun Tropics,100g,3
Sun-Bird,21.3g,2
Sun-Bird,28.4g,1
Sun-Bird,28 GR,1
Sun-Maid,500g,7
Sun-Maid,450?g,2
Sun-Maid,450g,2
Sun-Maid,400g,2
Sun-Maid,375g,2
Sun-Maid,196g,2
Sun-Maid,14x14g,2
Sun-Maid,140g,2
Sun-Maid,SM WTRmlN RAIS SOUR,1
Sun-Maid,SM STRWBRY RAIS SOUR,1
Sun-Maid,SM BL RSPB RAIS SOUR,1
Sun-Maid,E-SUNMAID SM MIX BRY RAIS SOUR,1
Sun-Maid,750g,1
Sun-Maid,6x30g,1
Sun-Maid,616g,1
Sun-Maid,6 Each,1
Sun-Maid,250g,1
Sun-Maid,10x14g,1
Sun-Maid,10 Each,1
Sun-Rype,Chocolate Chip150g,1
Sun-Rype Products Ltd,5 x 200ml,11
Sun-Rype Products Ltd,1.36l,6
Sun-Rype Products Ltd,9 x 14g,2
Sun-Rype Products Ltd,6 x 18g,2
Sun-Rype Products Ltd,170g,2
Sun-Rype Products Ltd,12 x 37g,2
Sun-Rype Products Ltd,900ml,1
Sun-Rype Products Ltd,24 x 14g,1
Sun-Rype Products Ltd,200ml,1
Sun-Rype Products Ltd,200g,1
Sun-Rype Products Ltd,150g,1
Sun-Rype Products Ltd,15 x 14g,1
Sun-Rype Products Ltd,120g,1
SunChips,205 GM,3
SunChips,205g,2
SunChips,70g,1
SunChips,106 g.,1
SunGlo,Sunglos PLATINUM Theater grade Unpopped popcorn kernels Butterfly 50lbs,1
SunGlo,Make up to 800 portions,1
SunRice,750g,3
SunRype,14g,15
SunRype,37g,12
SunRype,1.36l,8
SunRype,108g,5
SunRype,8 x 14g,4
SunRype,150g,4
SunRype,12x37.0g,4
SunRype,92g,3
SunRype,210g,3
SunRype,126g,3
SunRype,1.36?l,3
SunRype,72x14.0g,2
SunRype,444g,2
SunRype,27g,2
SunRype,24x14.0g,2
SunRype,112g,2
SunRype,336g,1
SunRype,1.11kg,1
SunRype Products Ltd,37g,3
Sunasia,75g,2
Sunasia,60g,2
Sunasia,Fried pork rinds.,1
Sunasia,Crispy and tasty.,1
Sunasia,250g,1
Sunasia,135g,1
Sunbrown,1.81kg,1
Sunbutter,454g,9
Sunchips,205g,5
Sunchips,640g,2
Sunchips,106g,2
Suncrest,10un,6
Sundar,200g,14
Sundar,2 Pound,5
Sundar,500g,3
Sundar,410 Millilitre,3
Sundar,4 Pound,3
Sundar,8 Pound,1
Sundar,50g,1
Sundar,3.6kg,1
Sundar,240 Millilitre,1
Sundar,1.81kg,1
Sunday Snacks,Popcorn Chips,8
Sunday Snacks,Sunday Snacks L - White Cheddar,1
Sunday Snacks,Sunday Snacks L - Sweet Chili,1
Sundhed,750g,4
Sundhed,250g,2
Sundia,217 Millilitre,1
Sunfeast,280g,2
Sunfeast,E-AA-1 ITC YIPPEE NOODLES,1
Sunfeast,70g,1
Sunflower,227g,11
Sunflower,956ml,10
Sunflower,175g,8
Sunflower,189g,3
Sunflower,800g,1
Sunflower Kitchen,342g,1
Sunkist,1ea,2
Sunkist,792g,1
Sunkist,36 pouches,1
Sunmaid,750g,3
Sunmaid,250g,3
Sunmaid,7x7.0ea,2
Sunmaid,7x20.0g,2
Sunmaid,500g,2
Sunmaid,450g,2
Sunmaid,400g,2
Sunmaid,200g,2
Sunmaid,140g,2
Sunmaid,196g,1
Sunny D,6x240ml,1
Sunny D,3.78 Litre,1
Sunny D,1.18l,1
Sunny Delight,1.89l,4
Sunny Delight,6x240.0ml,2
Sunny Dog,250g,1
Sunny Dog Cheddar,250g,1
Sunny Fruit,5 portions,2
Sunny Fruit,250g,1
Sunny Fruit,150g,1
SunnyD,1.89l,3
SunnyD,6 x 240ml,2
SunnyD,6x240ml,1
SunnyD,3.78l,1
SunnyD,1.18l,1
Sunnymark,Sunnymark Dried Baby Shrimp,1
Sunnymark,Sunnymark Crispy Basa Fish Skins,1
Sunnymark,Sunnymark Crispy Basa Fish Skin Garlic,1
Sunrich,595g,1
Sunrich,430g,1
Sunrich,280g,1
Sunripe,350g,1
Sunripe,340g,1
Sunripe,1 Pound,1
Sunrise,180g,8
Sunrise,2x150.0g,6
Sunrise,300g,5
Sunrise,500g,4
Sunrise,454g,4
Sunrise,2x150g,4
Sunrise,350g,3
Sunrise,Extra Firm350g,1
Sunrise,Banana Flavour2 Each,1
Sunrise,530g,1
Sunrise,400g,1
Sunrise,2 Each,1
Sunrise,1un,1
Sunrise,1kg,1
Sunrise Farms,3kg,1
Sunrise Soya Foods,350g,2
Sunrise Soya Foods,Unsweetened Soya Beverage 1.89l,1
Sunrise Soya Foods,Tofu Smooth,1
Sunrise Soya Foods,Sunrise Medium Firm Tofu,1
Sunrise Soya Foods,SR Soft Tofu,1
Sunrise Soya Foods,SR Almond Tofu Dessert,1
Sunrise Soya Foods,SG Firm Tofu,1
Sunrise Soya Foods,Peach Mango Tofu Dessert 2x150g,1
Sunrise Soya Foods,454g,1
Sunrise Soya Foods,350 grams,1
Sunrise Soya Foods,180g,1
Sunrise Soya Foods,1.89l,1
Sunrize,650g,1
Sunrype,900 Millilitre,14
Sunrype,1.36 Litre,10
Sunrype,200 Millilitre,7
Sunrype,20 Each,5
Sunrype,625 Millilitre,3
Sunrype,37g,2
Sunrype,12 Each,2
Sunrype,1 Litre,2
Sunrype,Wild Berry14g,1
Sunrype,Variety Pack24 Each,1
Sunrype,Variety Bars12 Each,1
Sunrype,Sweetened625 Millilitre,1
Sunrype,Strawberry170g,1
Sunrype,Strawberry Banana14g,1
Sunrype,Raspberry14g,1
Sunrype,Peach Pear Carrot Bar37g,1
Sunrype,Mixed Berry170g,1
Sunrype,Mango Mangosteen170g,1
Sunrype,Fun Flavours15 Each,1
Sunrype,Coconut Lemon120g,1
Sunrype,Coconut Classic120g,1
Sunrype,Chocolate Macaroon150g,1
Sunrype,Cherry Berry37g,1
Sunrype,Blueberry Pomegranate37g,1
Sunrype,Berry Mania14g,1
Sunrype,Apple Mango14g,1
Sunrype,Apple Mango Mangosteen37g,1
Sunrype,5 Each,1
Sunrype,3.78 Litre,1
Sunrype,14g,1
Sunrype,100g,1
Sunset,681g,3
Sunset,454g,3
Sunset,341g,3
Sunset,283g,3
Sunset,541ml,1
Sunset,340g,1
Sunset,2un,1
Sunset,256g,1
Sunset,255g,1
Sunset,2 lb,1
Sunsets,340g,1
Sunshine,500ml,2
Sunshine,1l,2
Sunshine,375g,1
Sunshine Snacks,250g,2
Sunshine Snacks,225g,2
SunshineStore,Stainless Steel Moka Pressed Powder Decrement for Espresso Coffee 4 Cup 6 Cups,1
Sunstart,185g,2
Sunsweet,375g,2
Suntat,660g,1
Suntree,125ml,1
Super,720g,1
Super,525g,1
Super Bon-EE,Super Bon-EE Extra Large White Eggs,1
Super Q,454g,3
Super Q,Super Q Special Palabok Cornstarch Sticks 454g,1
Super Q,Super Q Bihon,1
Super-Slim,100g,1
SuperEats,454g,2
SuperPretzel,368g,1
Supernova,150ml,3
Supernova,148ml,3
Supernova,355ml,2
Supligen,290ml,3
Supligen,250ml,1
Suraj,1.8kg,27
Suraj,400g,24
Suraj,1.81kg,20
Suraj,100g,18
Suraj,907g,16
Suraj,200g,11
Suraj,1kg,11
Suraj,750g,10
Suraj,540ml,9
Suraj,500g,8
Suraj,1l,8
Suraj,2kg,7
Suraj,800g,5
Suraj,300g,5
Suraj,75g,4
Suraj,5kg,4
Suraj,50g,4
Suraj,3.63kg,3
Suraj,500ml,2
Suraj,25g,2
Suraj,250g,2
Suraj,1ea,2
Suraj,460g,1
Suraj,250ml,1
Suraj,237ml,1
Suraj,1.1kg,1
Surati,341g,13
Surati,80g,7
Surati,340g,4
Surati,1.82kg,3
Surati,250g,2
Surati,908g,1
Sushi Chef,28g,1
Sushi Chef,14g,1
Sushi Maven,454ml,1
Sushi Maven,454g,1
Sushi Maven,1kg,1
Suwong,28g,2
Suwong,25g,2
Suwong,142g,2
Suwong,45g,1
Suwong,43g,1
Swanson,1.19kg,12
Swanson,992g,6
Swanson,879g,5
Swanson,345g,4
Swanson,338g,4
Swanson,320g,4
Swanson,298g,3
Swanson,280g,3
Swanson,200g,3
Swanson,412ml,2
Swanson,306g,2
Swanson,285g,2
Swanson,283g,2
Swanson,425g,1
Swanson,412 Millilitre,1
Swanson,397g,1
Swanson,383g,1
Swanson Meat Pies,200g,8
Swanson Tool Company,200g,3
Swanson Tool Company,1.19kg,3
Swanson Tool Company,425g,2
Swanson Tool Company,397g,2
Swanson Tool Company,1.19 Kg,2
Swanson Tool Company,Taco Oven Bake,1
Swanson Tool Company,SWSN CMYPRM GLCKN OVNBK 992G,1
Swanson Tool Company,SWSN CHN RSYBTR PT SHPN 878G,1
Swanson Tool Company,OVEN EASY BAKE ITL SSGE PPR 879GM,1
Swanson Tool Company,Lasagna with meat Sauce,1
Swanson Tool Company,Chicken Garlic Parm Veg 879GR,1
Swanson Tool Company,383g,1
Swanson Tool Company,345g,1
Swanson Tool Company,340g,1
Swanson Tool Company,338g,1
Swanson Tool Company,298g,1
Swanson Tool Company,280g,1
Swanson?,425g,3
Swanson?,200g,3
Swanson?,1.19kg,3
Swanson?,1.19 Kg,2
Swanson?,SWSN CMYPRM GLCKN OVNBK 992G,1
Swanson?,SWSN CHN RSYBTR PT SHPN 878G,1
Swanson?,397g,1
Swanson?,383g,1
Swanson?,345g,1
Swanson?,338g,1
Swanson?,280g,1
Swat D,1kg,1
SweeTARTS,Sweetarts Ropes Rainbow,1
SweeTARTS,SWEETARTS CANDY SWEETARTS ROPE STRAW,1
SweeTARTS,142g,1
SweeTarts,Net weight: 51g,2
Sweet 16 Party,Sweet Sixteen Vegan Candy - 350g format,1
Sweet 16 Party,Sweet Sixteen Original Candy - 400g format,1
Sweet 16 Party,Sweet Sixteen Licorice & Ribbon Mix Candy - 325g format,1
Sweet 16 Party,Sweet Sixteen Gummy Candy - 1kg format,1
Sweet Baby Ray's,425ml,6
Sweet Baby Ray's,425 Millilitre,3
Sweet Creations,150g,1
Sweet Loren's,340g,4
Sweet Loren's,1un,1
Sweet N Low,70g,1
Sweet Ontario,175g,1
Sweet Sixteen,675g,2
Sweet Sixteen,100g,2
Sweet Sixteen,Sweet Sixteen Sour Ribbon - 125g,1
Sweet Sixteen,Sweet Sixteen Cherry Ribbon - 125g,1
Sweet Sixteen,Sweet & Sour King Size1kg,1
Sweet Sixteen,Original King Size1kg,1
Sweet Sixteen,125g,1
Sweet Tarts,51g,1
Sweet Tooth Fairy,Silv Dust,1
Sweet Tooth Fairy,Rsgold Stand,1
Sweet Tooth Fairy,Min BkcupsGd,1
Sweet Tooth Fairy,Min BkcupsBr,1
Sweet Tooth Fairy,Cpck Holder,1
Sweet Tooth Fairy,Bkcups Mrbl,1
Sweet Tooth Fairy,Bkcups Boy,1
Sweet expressions,1un,2
SweetLeaf,60 Millilitre,3
Sweetarts,142g,1
Sweets From The Earth,320g,3
Sweets From The Earth,700g,2
Sweets From the Earth,75g,4
Sweets From the Earth,100g,4
Sweets From the Earth,300g,3
Sweets From the Earth,700g,2
Sweets From the Earth,320g,2
Sweets From the Earth,132g,2
Sweets From the Earth,800g,1
Sweets from the Earth,800g,1
Sweets from the Earth,700g,1
Sweety,Toffees Cream Filled Tropical 25pk,1
Sweety,Toffees Cream Filled Sour 25pk,1
Sweety,Toffees Cream Filled Original 25pk,1
Sweety,Sweety Toffees Cream Filled Tropical 25pk 340g,1
Sweety,L- Pops -Airplanes Shaped Straberry & Raspberry 25pk,1
Sweety,L - Pops Bear Shaped Mixed Fruit 25pk,1
Sweety,L - Pops - Bus Shaped Tuiti Fruiti 25pk,1
Sweety,L - Pops - Bear Shapes Tropical 25pk,1
Swell Catch,227g,1
Swerve,340g,7
Swetha Telugu,100g,4
Swetha Telugu,300g,2
Swift,454g,3
Swift,190g,2
Swift,680g,1
Swiss,100g,1
Swiss Alps,138g,1
Swiss Chalet,284ml,10
Swiss Chalet,540ml,6
Swiss Chalet,51g,6
Swiss Chalet,36g,6
Swiss Chalet,25g,6
Swiss Chalet,600g,5
Swiss Chalet,655g,4
Swiss Chalet,700g,3
Swiss Chalet,650g,3
Swiss Chalet,32g,3
Swiss Chalet,620g,2
Swiss Chalet,SWISS CHALET Smoky BBQ Ribs,1
Swiss Chalet,SWISS CHALET Chicken pie 650g,1
Swiss Chalet,SWISS CH Hot chicken gravy 51g,1
Swiss Chalet,SWISS CH H.Ch gravy l.salt 51g,1
Swiss Chalet,SWISS CH Dipping sce 36g,1
Swiss Chalet,SWISS CH Dipp sce l.salt 36g,1
Swiss Chalet,SWISS CH Chicken rice soup,1
Swiss Chalet,SWISS CH Chick Nood soup,1
Swiss Chalet,SWISS CH Chick Nood less salt,1
Swiss Chalet,SW CHA Honey Garlic Ribs 600g,1
Swiss Chalet,SW CH Turkey gravy mix 25g,1
Swiss Chalet,SW CH Brown Sce Mix 25g,1
Swiss Chalet,SW CH Beef sce 284ml,1
Swiss Chalet,470g,1
Swiss Chalet,2x235g,1
Swiss Knight,400g,1
Swiss Knight,170g,1
Swiss Knight,12x14.2g,1
Swiss Miss,SM COCOA MRSHM 12/313 GM,2
Swiss Miss,SM COCOA MC 12/313 GM,2
Swiss Miss,(8 packets x 39g each),2
Swiss Miss,(8 packets of 39 grams),1
Switzerland,110g,1
Swizzels,160g,2
Swizzels Squashies,160g,2
Synear,400g,5
Synear,Net Wt. 400g,2
Synear,680g,2
Synear,Synear Rice Dumpling Red Date,1
Synear,312g,1
Szeged,142g,5
T y j,275g,1
T&T,340g,10
T&T,454g,8
T&T,2kg,8
T&T,180g,8
T&T,567g,6
T&T,400g,6
T&T,363g,6
T&T,1l,6
T&T,500ml,5
T&T,90g,4
T&T,800g,4
T&T,765ml,4
T&T,540g,4
T&T,504g,4
T&T,398ml,4
T&T,360g,4
T&T,227ml,4
T&T,200g,4
T&T,1.5l,4
T&T,680g,3
T&T,500g,3
T&T,480g,3
T&T,304g,3
T&T,228g,3
T&T,140g,3
T&T,120g,3
T&T,100g,3
T&T,1.81kg,3
T&T,92g,2
T&T,860g,2
T&T,8.2kg,2
T&T,60g,2
T&T,600g,2
T&T,6.8kg,2
T&T,540ml,2
T&T,525g,2
T&T,374ml,2
T&T,35g,2
T&T,300g,2
T&T,27g,2
T&T,224g,2
T&T,15g,2
T&T,1.8kg,2
T&T,1.5kg,2
T&T,1.23l,2
T&T,1.04kg,2
T&T,750g,1
T&T,72g,1
T&T,720ml,1
T&T,700ml,1
T&T,665g,1
T&T,650g,1
T&T,5kg,1
T&T,520g,1
T&T,460g,1
T&T,450g,1
T&T,400ml,1
T&T,250g,1
T&T,227g,1
T&T,18.1kg,1
T&T,160g,1
T&T,150g,1
T&T,1200g,1
T&T,1.2kg,1
T&T,1.1kg,1
T'aom Bar,5x75.0ml,4
T.A.S.,310ml,2
T.A.S.,500ml,1
TABASCO,TABASCO SWEET AND SPICY SAUCE SQ,1
TABASCO,TABASCO SRIRACHA,1
TABASCO,TABASCO BUFFALO SAUCE SQUEEZE,1
TABASCO,E-TABASCO TABASCO SRIRACHA,1
TABASCO,57ml,1
TABASCO,142ml,1
TAST!EZ?,400g,5
TAST!EZ?,8 x 500g,1
TAST!EZ?,600g,1
TAST!EZ?,500g,1
TASTIE,640 Millilitre,1
TASTIE,397g,1
TATA SAMPANN SPICES,TATA Paneer Masala,1
TAZO,Pack of 20,6
TAZO,TAZO WILD SWT ORANGE,1
TAZO,TAZO LONDON FOG CONC,1
TAZO,Pack of 24,1
TAZO,E-TAZO TAZO GRN MATCHA CONC,1
TAZO,946ml Black Tea Concentrate,1
TAZO,946ml,1
TCC,580ml,1
TGI Fridays,TF Glz Ch Mshd Pto,1
TGI Fridays,TF Cajn Chkn Fet Alf,1
THE EXTREME BEAN,500ml,2
THE EXTRME PICKLE SPEAR,THE EXTREME PICKlE SPEAR HOT & SPICY 750ml,1
THEO,Dark Chocolate,1
THREE CRABS Brand,120g,2
THREE CRABS Brand,Kongmoon Rice Vermicelli 454g,1
THREE CRABS Brand,700g(24.70z)[140g(4.94oz)x5],1
THREE CRABS Brand,682ml,1
THREE CRABS Brand,250g,1
THREE CRABS Brand,210g,1
TIO JORGE,907g,1
TIO JORGE,454g,1
TIPIAK PEARLS,E-TIPIAK TIPIAK PEARLS 350G,1
TKN (TAO KAE NOI),TKN CRISPY SEAWEED ORIGINAL FLAVOUR,1
TKN (TAO KAE NOI),TKN BIG ROLL GRILLED SEAWEED ORIGINAL FLAVOUR,1
TNUVA,Tnuva Swiss Light Sliced Cheese,1
TNUVA,TNUVA LIGHT SL. 2PK,1
TNUVA,Swiss Sliced Cheese,1
TNUVA,SLICED CHEESE,1
TNUVA,Natural Slice (Edam),1
TNUVA,Fromage Tranche L¨¦g¨¨re (Edam),1
TNUVA,Fromage Tranche L??g?¡§re,1
TNUVA,Feta cheese,1
TOPLA!,700ml,1
TOSTITOS XL,245GM,1
TRIDENT,40ea,7
TRIDENT,3ea,5
TRIDENT,14ea,2
TRIDENT,3 pack,1
TRUBAR,50g,3
TRUNG NGUYEN LEGEND,16 g x 22,1
TSINGTAO,6x330.0ml,1
TUEUIO1,mixing Salad - Snngv,2
TUF,500g,1
TURTLES,142g,2
TURTLES,65g,1
TURTLES,49 GR,1
TURTLES,160g,1
TUSCANINI,featur,1
TUSCANINI,Vinegar Balsamic of Modena,1
TUSCANINI,Tuscanini Vinegar Balsamic of Modena,1
TUSCANINI,Tuscanini Jar - Tomatoes Crushed,1
TUSCANINI,Tomato Paste,1
TUSCANINI,SEA SALT,1
TUSCANINI,Jar - Tomatoes Crushed,1
TUSCANINI,Gnocchi Classis,1
TUSCANINI,"Premium Quality - Made With Freshly Harvested Premium Tuscan Tomatoes
No Need To Use It All At Once
Authentic Taste - Premium Extraordinary Noticeably Fine Taste & Texture
Naturally Better - Packed In",1
,,
TUSCANINI,"Delicious - Get that authentic Italian dinner taste from the comfort of your own home. This flavorful potato gnocchi will have your loved ones and guests asking for more.
Easy to Prepare - Got home late and need to whip up something fast? Just boil in slightly salted wate",1
,,
TUSCANINI,"Authentic Mediterranean Sea Salt from Sicily Italy
Perfect for cooking and seasoning
All Natural
Can be used for salt baths
Certified kosher for passover and all year round
",1
,,
TWI FOODS INC,Traditional flatbread,1
TWI FOODS INC,500g,1
TWIX,50g,2
TWIX,E-TWIX TWIX FUN SIZE 8CT,1
TWO-BITE,Quantity ¨C 284g,3
TWO-BITE,423g,2
TWO-BITE,400g,2
TWO-BITE,284g,2
TWO-BITE,284 g total,2
TWO-BITE,227g,2
TWO-BITE,two-bite? Christmas Assorted Cupcakes ¨C 24pk,1
TWO-BITE,two-bite? Brownies with Candy Cane Sprinkles Party Platter,1
TWO-BITE,two-bite ? Trolls Cupcakes,1
TWO-BITE,two-bite S'mores Cupcakes,1
TWO-BITE,Weight - 284g,1
TWO-BITE,Volume/Quantity - 568g/24,1
TWO-BITE,Volume/Quantity - 260g,1
TWO-BITE,Volume/Quantity - 227g/12,1
TWO-BITE,Volume/Quantity - 12/300g,1
TWO-BITE,Two-Bite Vanilla Mini Cupcakes,1
TWO-BITE,Two-Bite Salted Caramel Cookies,1
TWO-BITE,Two-Bite Holiday Brownies,1
TWO-BITE,Two-Bite Brownie & Cake Bites,1
TWO-BITE,TB Fleur-de-lys Cupcakes,1
TWO-BITE,Quantity/Weight: 16 x 400g,1
TWO-BITE,Quantity ¨C 85g,1
TWO-BITE,Quantity ¨C 70 g format,1
TWO-BITE,Quantity ¨C 608 grams,1
TWO-BITE,Quantity ¨C 595 grams,1
TWO-BITE,Quantity ¨C 568 grams,1
TWO-BITE,Quantity ¨C 50 grams,1
TWO-BITE,Quantity ¨C 400g,1
TWO-BITE,Quantity ¨C 400 grams,1
TWO-BITE,Quantity ¨C 300 grams,1
TWO-BITE,Quantity ¨C 284 grams,1
TWO-BITE,Quantity ¨C 273 grams,1
TWO-BITE,Original Two-Bite Vanilla Cupcakes,1
TWO-BITE,Original Two-Bite Chocolate Cupcakes,1
TWO-BITE,OREO Two-Bite Brownies,1
TWO-BITE,Minion Brownie Platter,1
TWO-BITE,Maple Tarts,1
TWO-BITE,608g,1
TWO-BITE,440g,1
TWO-BITE,273g,1
TWO-BITE,260g,1
TWO-BITE,255g,1
TWO-BITE,227 g total,1
TYJ,"50 pc (6"")",1
TYJ,275 g / pack,1
Ta'Am Vareach,100g,3
Ta'Am Vareach,90g,2
Ta'Am Vareach,120g,1
Ta'am Vareach,90g,3
Ta'am Vareach,170g,1
Ta'am Vareach,120g,1
Ta'am Vareach,100g,1
Ta'ambonne,200g,19
Ta'amti,700g,10
Ta'amti,400g,5
Ta'amti,799g,2
Ta'amti,Schug,1
Ta'amti,Red Schug KPY,1
Ta'amti,Hot Pepper Blend,1
Ta'amti,907g,1
Ta'amti,467g,1
Ta'amti,1kg,1
Tabasco,57ml,7
Tabasco,256ml,4
Tabasco,57 Millilitre,2
Tabasco,350ml,2
Tabasco,350 Millilitre,1
Tabasco,256 Millilitre,1
Tabasco,142ml,1
Tabasco,142 Millilitre,1
Tabatchnick,425g,11
Tabatchnick,426g,6
Tabatchnick,426ml,5
Tabatchnick,411g,2
TacoTime,360g,2
Tag On The Go,355ml,1
Taisun,6x375.0g,1
Taiwan Desert,Taiwan Desert Red Bean Mochi,1
Taiwan Desert,Taiwan Desert Milk Tea Mochi,1
Taiwan Dessert,TDJ Mochi,1
Taiwan Dessert,RM Mochi,1
Taiwan Village,225g,1
Taj,907g,9
Taj,75g,3
Taj,600g,2
Taj,500g,2
Taj,4.54kg,2
Taj Mahal,12.5 Kg,1
Tajin,142g,2
Tajin,140g,2
Tajin,Volume 255g,1
Tajin,Tajin Mild Hot Sauce,1
Tajubo,Tajubo Fast Food Gummies 150g,1
Tajubo,80g,1
Takaokaya,31g (16 bags),1
Takaokaya,21g,1
Takis,280g,16
Takis,90g,9
Takis,260g,9
Takis,40un,2
Takis,Takis? Dragon Sweet Chili,1
Takis,Takis Hot Nuts Fuego,1
Takis,Takis Hot Nuts Flare,1
Takis,TAKIS? Xplosion Zesty Nacho,1
Takis,TAKIS? Fuego Spicy Chili Pepper and Lime,1
Takis,1221g,1
Takis?,260g,2
Takis?,40 count,1
Takis?,260 gr,1
Takis?,260 G,1
Talley's,907g,2
Talleys,454g,1
Tam Tams,272g,1
Tamam,540ml,25
Tamam,50g,17
Tamam,454g,9
Tamam,400g,7
Tamam,300ml,5
Tamam,1kg,5
Tamam,1l,4
Tamam,120g,4
Tamam,370g,3
Tamam,280g,3
Tamam,200g,3
Tamam,907g,2
Tamam,80g,2
Tamam,796ml,2
Tamam,65g,2
Tamam,500g,2
Tamam,380g,2
Tamam,290g,2
Tamam,130g,2
Tamam,100g,2
Tamam,600ml,1
Tamam,3l,1
Tamam,265g,1
Tamam,2.84l,1
Tamar Kinneret,900g,1
Tamar Kinneret,635g,1
Tamar Kinneret,250g,1
Tamek,1l,1
Tandoori Oven,430g,2
Tandoori Oven,320g,2
Tandoori Oven,9 Patties - 130g each,1
Tandoori Oven,8 Full size Samosas - 400g box,1
Tandoori Oven,373g,1
Tang,48ml,6
Tang,48 Millilitre,2
Tang,2.2kg,2
Tang,908g,1
Tang,3x92?g,1
Tang's,2kg,2
Tang's,276g,2
Tao Kai Noi,27g,3
Tao Kai Noi,28.8g,2
Tapuzina,1.5l,1
Tarall'oro,200g,1
Tarami,Tarami Brand Peach Flavoured Konjac Jelly Drink,1
Tarami,Tarami Brand Mango Flavoured Konjac Jelly Drink,1
Tasco Brand,500ml,1
Tassimo,14un,10
Tassimo,14ea,9
Tassimo,14 T-Discs,4
Tassimo,Medium Dark14 Each,2
Tassimo,Latte8 Each,2
Tassimo,8un,2
Tassimo,263g,2
Tassimo,908g,1
Tassimo,8 Cappuccinos,1
Tassimo,16un,1
Tassimo,16ea,1
Tassimo,16 T-Discs,1
Tassimo,14 Each,1
Tast!ez,400g,7
Taste of Asia,300g,1
Taste of Nature,40g,9
Taste of Nature,16x40g,4
Taste of Nature,5x32g,3
Taste of Nature,200g,2
Taste of Nature,120g,2
Tastee,369g,2
Tastee,340g,2
Tastee,204g,2
Tastez,400g,2
Tastie,640g,4
Tastie,80g,2
Tastie,397g,2
Tastie,120g,2
Tastie,Net Wt. 204 g (17 g x 12),1
Tastie,400g,1
Tastie,100ea,1
Tastiez,400g,2
Tasty Bite,285g,10
Tasty Bite,285G,4
Tasty Bite,250g,1
Tasty Bite,250G,1
Tasty Bite,1 Each,1
Tata,100g,13
Tata,450g,4
Tata,900g,2
Tata,650g,2
Tata,TATATEABAGS-220CT,1
Tata,TATA TEA PREM-900G,1
Tata,TATA TEA MASLA-50CT,1
Tata,E-LIPTON TATA TEA MASLA-50CT,1
Tata Sampann,100g,3
Tata Sampann,TATA Punjabi Chole Masala 100g,1
Tata Sampann,TATA Meat Masala,1
Tata Sampann,TATA Kitchen King,1
Tata Sampann,TATA Garam Masala 100g,1
Tata Sampann,TATA Garam Masala,1
Tata Sampann,TATA Dal Tadka Masala 100g,1
Tata Sampann,TATA Chicken Masala,1
Tata Tea,50un,1
Tata Tea,220un,1
Tate & Lyle,454g,1
Tate&Lyle,454g,1
Tate's Bake Shop,198g,7
Tates,198g,2
Tatra,500ml,1
Tau,500g,1
Taveners,165g,1
Taylor Farms,340g,7
Taylor Farms,316g,6
Taylor Farms,0.328kg,6
Taylor Farms,360g,4
Taylor Farms,319g,4
Taylor Farms,315g,4
Taylor Farms,383g,3
Taylor Farms,341g,2
Taylor Farms,336g,2
Taylor Farms,329g,2
Taylor Farms,312g,2
Taylor Farms,163g,2
Taylor Farms,132g,2
Taylor Farms,0.212g,2
Taylor Farms,Fresh Vegetables567g,1
Taylor Farms,Dill Pickle333g,1
Taylor Farms,BBQ Ranch377g,1
Taylor Farms,907g,1
Taylor Farms,652g,1
Taylor Farms,620g,1
Taylor Farms,382g,1
Taylor Farms,377g,1
Taylor Farms,369g,1
Taylor Farms,350g,1
Taylor Farms,333g,1
Taylor Farms,328g,1
Taylor Farms,298g,1
Taylor Farms,296g,1
Taylor Farms,267g,1
Taylor Farms,249g,1
Taylor Farms,129g,1
Taylor Farms,125g,1
Taylor Farms,0.34kg,1
Taylor Farms,0.312kg,1
Taylor Farms,0.305kg,1
Taylor Farms,0.249kg,1
Taylor Farms,0.207kg,1
Taylors of Harrogate,50g,4
Taylors of Harrogate,80ea,1
Taylors of Harrogate,80 Each,1
Tazo,946ml,12
Tazo,20ea,9
Tazo,20un,8
Tazo,20 Each,3
Tazo,1ea,2
Tazo,946 Millilitre,1
Tchibo,250g,1
Tea India,224g,5
Tea India,182g,4
Tea India,80 pack / 182g,3
Tea India,681g,3
Tea India,10 packets,2
Tea India,908g,1
Tea India,10 pack,1
Tea Valley,Tea Valley Royal Tea 900g,1
Tea Valley,Tea Valley Royal Tea 450g,1
Tea at the White House,31.2g,3
Tealish,37.5g,9
Teddy Grahams,200g,1
Tee Yih Jia,400g,2
Tee Yih Jia,275g,2
Teeccino,60g,2
Tega,40 Each,1
Tega,20 Each,1
Telma,400g,1
Tender Flake,340g,1
Tender Flake,255g,1
Tenderflake,454g,5
Tenderflake,397g,4
Tenderflake,350g,4
Tenderflake,340g,4
Tenderflake,320g,3
Tenderflake,255g,3
Tenderflake,300g,2
Tenderflake,2 Each,1
Tenderflake,12 Each,1
Teocary,Teocary Printed Kitchen Oil Barrier High Temperature Aluminum Foil Oil Baffle Weekly flyer Summer Clearance Big Savings Fall Savings,1
Teocary,Teocary Home Baking Bee Rice Cake Model Critter Cake Model The Big Save Summer Clearance up to 70% off Up to 40% off,1
Teocary,Teocary Home Baking Bee Rice Cake Model Critter Cake Model Home Savings Summer Clearance Flyer Deals Big Savings,1
Teocary,Teocary Home Baking Bee Rice Cake Model Critter Cake Model Deals Summer Clearance The Big Save up to 70% off,1
Teocary,Teocary Home Baking Bee Rice Cake Model Critter Cake Model Big Savings Summer Clearance Deals The Big Save,1
Teocary,Teocary Double Layer Candy And Dried Fruit Rotating Design Dessert Wal&mart Deals Winter Savings,1
Teocary,Teocary DIY 4 Homemade Ice Cream Chocolate Candy With 20 Wooden Sticks Big Savings Summer Clearance The Big Save Weekly flyer,1
Teocary,Teocary Christmas Advent Calendar Santa Claus Advent Calendar With 24 Days Pocket Christmas Countdown Hanging Ornaments For Home Office Door Wall Decoration Deals Summer Clearance Home Savings,1
Teocary,Teocary Chopper Portable Vegetable Chopper 250ml 3 Blades USB Rechargeable Suitable For Ginger Chilli Vegetables Meat Spices Beans Etc Home Camping Travelling Summer Savings Summer Clearance,1
Teocary,Teocary Cheese Cream Cake Cheese Cheese Shape Fall Savings! Winter Savings Halloween,1
Teocary,Bagels and More Home Savings Summer Clearance Clearance Canada Day,1
Teocary,Bagels and More Deals Summer Clearance Deals Clearance,1
Teriyaki Experience,350ml,5
Terra,141g,22
Terra,Vegetable Chips,5
Terra Beata,473ml,2
Terra Breads,800g,1
Terra Breads,340g,1
Terra Delyssa,1l,4
Terra Delyssa,750ml,3
Terra Delyssa,TERRA DElYSSA PREMIUM EXTRA VIRGIN OlIVE OIl,1
Terra Delyssa,340g,1
Terra Granola,340g,3
Terry's,157g,6
Terry's,90g,2
Terry's,152g,1
Terry's,147g,1
Terry's Chocolate Orange,157g,2
Terry's Chocolate Orange,147g,2
Terry's Chocolate Orange,152g,1
Terry's Chocolate Orange,145g,1
Terry's Orange,90g,2
Terry's Orange,147g,1
Terrys Orange,157g,1
Tetley,20ea,30
Tetley,20un,17
Tetley,24ea,13
Tetley,20 Each,10
Tetley,80ea,8
Tetley,24un,8
Tetley,80un,5
Tetley,80 Each,5
Tetley,48ea,5
Tetley,40g,5
Tetley,72un,4
Tetley,60ea,4
Tetley,48un,4
Tetley,40ea,4
Tetley,24 Each,4
Tetley,96g,3
Tetley,72 Each,3
Tetley,30g,3
Tetley,20 ct,3
Tetley,TETLEY OP 72CT,2
Tetley,TETLEY BOLD 72CT,2
Tetley,72g,2
Tetley,680g,2
Tetley,454g,2
Tetley,40un,2
Tetley,40 Each,2
Tetley,36 Each,2
Tetley,32g,2
Tetley,225g,2
Tetley,216un,2
Tetley,216 Each,2
Tetley,20g,2
Tetley,160g,2
Tetley,144un,2
Tetley,144 Each,2
Tetley,TETLEY LIVE HAPPY,1
Tetley,TETLELY EG VAN 48,1
Tetley,60 Each,1
Tetley,355 Millilitre,1
Tetley,216ea,1
Tetley,12ea,1
Tetley Tea,24 tea bags,6
Tetley Tea,20 tea bags,6
Tetley Tea,80 tea bags,2
Tetley Tea,72 tea bags,2
Tetley Tea,12 K-Cup pods,2
Tetley Tea,Tetley SGREEN-TROP,1
Tetley Tea,Tetley HERB-IMMUNE,1
Tetley Tea,60 Tea bags,1
Tetley Tea,48 tea bags,1
Tetley Tea,216 tea bags,1
Tetley Tea,20 Bags,1
Tetley Tea,0.09 lb,1
Texana,2kg,1
Thai & Southeast Asian,E-LIPTON MATZO BALL&SOUP MIX,1
Thai Chef,5 X 70g,4
Thai Chef,60g,3
Thai Kitchen,400ml,8
Thai Kitchen,112g,7
Thai Kitchen,160ml,3
Thai Kitchen,200ml,2
Thai Kitchen,Unsweetened750 Millilitre,1
Thai Kitchen,Thai Kitchen Red Curry Paste,1
Thai Kitchen,Thai Kitchen Green Curry Paste,1
Thai Kitchen,750ml,1
Thai Kitchen,750 Millilitre,1
Thai Kitchen,250g,1
Thai Kitchen,227ml,1
Thai Kitchen,200 Millilitre,1
Thai Kitchen,198g,1
Thai coco,1 Litre,2
That's It,35g,6
That's It,12x1un,4
That's It,100g,2
Thayers,355ml,10
Thayers,237ml,3
Thayers,1ea,1
Tha? Express,400g,2
Tha? Zone,390g,1
Tha?zone,45g,2
Tha?zone,260 gr,2
Tha?zone,520g,1
Tha?zone,42g,1
Tha?zone,400g,1
The A2 Milk Company,2l,3
The Allens,8 x 200ml,6
The Allens,1l,5
The Allens,1.89l,5
The Allens,4l,1
The Bakery,The Bakery White Yule Log,1
The Bakery,The Bakery White Kaiser Buns,1
The Bakery,The Bakery White Cake,1
The Bakery,The Bakery Red Velvet Cake,1
The Bakery,The Bakery Pretzel Buns,1
The Bakery,The Bakery Cookies & Cream Cake,1
The Bakery,The Bakery Chocolate Yule Log,1
The Bakery,The Bakery Chocolate Fudge Cake,1
The Bakery,The Bakery Chocolate Caramel Cake,1
The Bakery,The Bakery Chocolate Brownie Cake,1
The Bakery,The Bakery Carrot Cake,1
The Bakery,The Bakery Calabrese Buns,1
The Bakery,Ciabatta Buns,1
The Bakery,450g,1
The Bakery,425g,1
The Bakery,1.1kg,1
The Better Fish,340g,1
The Cheesecake Factory,530g,2
The Cheesecake Factory,284g,2
The Cheesecake Factory,error,1
The Cheesecake Factory,992g,1
The Cheesecake Factory,680g,1
The Cheesecake Factory,320g,1
The Cheesecake Factory,1.02kg,1
The Cultured Coconut,460ml,1
The Evolution of Tea,100un,1
The Extreme Bean,500ml,5
The Extreme Pickle Spear,EXTREME PICKlE SPEAR GARlIC & DIll 750ml,1
The Foraging Fox,296ml,1
The Foraging Fox,272ml,1
The French Oven,450g,1
The GFB,113g,11
The GFB,24g,2
The Ginger People,60g,2
The Ginger People,31g,1
The Good Bean,170g,1
The Good Crisp Company,160g,6
The Grain Escape,Sliced528g,2
The Grain Escape,528g,2
The Grain Escape,328g,1
The Great Gentleman,250ml,7
The Great Gentleman,6x250ml,4
The Great Gentleman,948ml,2
The Great Gentleman,4x237ml,2
The Great Gentleman,6 x 250ml,1
The Great Gentleman,6 Each,1
The Great Jamaican,The Great Jamaican Spicy Ginger Beer,1
The Greek Gods,500g,4
The Green Beaver Company,100g,4
The Green Beaver Company,10ml,3
The Green Beaver Company,473ml,2
The Green Beaver Company,370ml,2
The Green Beaver Company,120ml,2
The Green Beaver Company,10.5g,2
The Green Beaver Company,50g,1
The Keg,500ml,4
The Keg,250ml,3
The Keg,180g,3
The Keg,168g,3
The Keg,750g,2
The Keg,725g,2
The Keg,700g,2
The Keg,475 Millilitre,2
The Keg,355ml,2
The Keg,355 Millilitre,2
The Keg,908g,1
The Keg,852g,1
The Keg,680g,1
The Keg,6 Each,1
The Keg,250 Millilitre,1
The Keg,140g,1
The Keg,1.02kg,1
The Laughing Cow,133g,13
The Laughing Cow,400g,8
The Laughing Cow,267g,6
The Laughing Cow,8x16.6g,4
The Laughing Cow,535g,4
The Laughing Cow,140g,4
The Laughing Cow,128g,4
The Laughing Cow,24x16.7?g,2
The Laughing Cow,120g,2
The Laughing Cow,The Laughing Cow Light Processed Cheese Product,1
The Laughing Cow,Original8 Each,1
The Laughing Cow,Garlic & Herb8 Each,1
The Laughing Cow,8x18g,1
The Laughing Cow,8x16.7g,1
The Laughing Cow,8 pieces,1
The Laughing Cow,700 g total,1
The Laughing Cow,16x16.7g,1
The Laughing Cow,16 Each,1
The Little Potato Company,454g,15
The Little Potato Company,680g,5
The Little Potato Company,3 Pound,1
The Mad Bakers,285g,1
The Mad Bakers,200g,1
The Maple Treat Corporation,3 years,1
The Nice Bum,42ea,1
The Original,720ml,4
The Original,12x60.0ml,2
The Original Donut Shop,12 K-Cup? Pods,1
The Original Maui,375 Millilitre,1
The Original Maui,250g,1
The PUR Company,9 Pieces per Blister Pack,6
The PUR Company,55 Piece per Gum Bag,3
The PUR Company,Pack of 1,2
The PUR Company,55 Pieces per Gum Bag,1
The Pie Commission,320g,4
The Pie Commission,330g,2
The Pie Commission,310g,2
The Pie Commission,300g,2
The Pie Commission,290g,1
The Plant-It Co.,peas served over Basmati rice! 14g of protein per serving.,1
The Plant-It Co.,curly kale and quinoa! 13g of protein per serving.,1
The Plant-It Food,325g,5
The Plant-It Food,300g,1
The Plant-It Food Co.,325g,4
The Pur Company,55un,1
The Rice Stuff,70 grams makes 190 grams. Just Add Boiled Water!,2
The Sausage Guys,325g,5
The Screaming Chef,300g,4
The Snack Factory,200g,9
The Snack Factory,155g,2
The Spice Tailor,285ml,6
The Spice Tailor,375ml,2
The Spice Tailor,360g,2
The Spice Tailor,rich & velvety,1
The Spice Tailor,nutty and spicy,1
The Spice Tailor,nutty & aromatic,1
The Spice Tailor,distinctive and intense,1
The Spice Tailor,distinctive & bold,1
The Spice Tailor,balanced & mellow,1
The Spice Tailor,aromatic and spicy,1
The Spice Tailor,Spicy and hearty rice dish,1
The Spice Tailor,Earthy chickpea goodness,1
The Spice Tailor,Deliciously fragrant and spicy,1
The Spice Tailor,285 Millilitre,1
The Spice Tailor,215ml,1
The Spice Tailor,215 Millilitre,1
The Stonemill Bakehouse,454g,4
The Unscented Company,500ml,5
The Unscented Company,800ml,1
The Unscented Company,750ml,1
The Unscented Company,30ea,1
The Unscented Company,120g,1
The Unscented Company,1.95l,1
The Worthy Crumb,354g,3
The Worthy Crumb,4 un - 300g,2
The Worthy Crumb,510g,1
The Worthy Crumb,127g,1
The Worthy Crumb Pastry Co,Quantity ¨C 78 grams,2
The Worthy Crumb Pastry Co,475 g total,1
Theobroma,35g,7
Theobroma,80g,6
Theobroma,90g,2
Theobroma,140g,1
Theobroma Chocolat,milk chocolate salted caramel&crispy quinoa,1
Theobroma Chocolat,Milk chocolate/espresso/steamed milk energy bite,1
Theobroma Chocolat,Dark chocolate/steamed milk energy bites,1
Theobroma Chocolat,Dark chocolate & raspberry chunk energy bites,1
Theobroma Chocolat,70% vegan dark chocolate bar,1
Theobroma Chocolat,60% dark chocolate&cherry bar with real cherry,1
Theobroma Chocolat,60% dark chocolate baton with real raspberry,1
Theobroma Chocolat,60% dark chocolate & Himalayan salt baton,1
Theobroma Chocolat,38% milk chocolate & sea salt bar,1
Theobroma Chocolat,37g,1
Thinsony,Thinsony Durable Pastry Molds Maker For Rust-Resistant Crepes Tortillas To Corn Tortillas Comal For Tortilla balck 16cm,1
Thirsty Buddha,330ml,15
Thirsty Buddha,490ml,4
Thirsty Buddha,330 Millilitre,3
Thirsty Buddha,1l,3
Thirsty Buddha,500ml,2
Thirsty Buddha,490 Millilitre,2
Thirsty Buddha,355ml,2
Thirsty Buddha,Sparkling Coconut Water Wtrmln,1
Thirsty Buddha,Sparkling Coco Water Pineapple,1
Thirsty Buddha,Organic Coconut Water 1l,1
Thirsty Buddha,6x1.0l,1
Thirsty Buddha,520ml,1
Thirsty Buddha,1 Litre,1
Thomas,454g,7
Thomas,6un,3
Thomas,342g,3
Thomas,Pack of 6,2
Thomas,380g,2
Thomas,Thomas Croissant Loaf,1
Thomas,459g,1
Thomas Farms,Lamb. Product of Australia,1
Thomas Farms,454g,1
Thomas Farms,2.27 - 3.16kg,1
Thomas Fresh,227g,1
Thomas',454g,5
Thomas',6un,2
Thompson,454g,2
Thompson,907g,1
Thompson,1.81kg,1
Thornloe,200g,3
Thornloe,250g,2
Three Farmers,140g,13
Three Farmers,120g,7
Three Farmers,40g,2
Three Farmers,450g,1
Three Farmers,100g,1
Three Goats,Three Goats Milagrosa Jasmine Rice,1
Three Gourmet Pigs,100g,1
Thursday Plantation,65g,2
Thursday Plantation,150ml,2
Thursday Plantation,10g,2
Thursday Plantation,95g,1
Thursday Plantation,100ml,1
Th¨¦berge,2 per tray,2
Tia Lupita,The O.G.240g,1
Tia Lupita,Salsa Verde240g,1
Tia Rosa,320g,3
Tia Rosa,275g,3
TiaRosa,320g,1
TiaRosa,275g,1
Tic Tac,29g,23
Tic Tac,98g,13
Tic Tac,87g,4
Tic Tac,Fresh Mint200 Each,1
Tic Tac,83g,1
Tic Tac,60 pills. 29 grams,1
Tic Tac,29 grams,1
Tiger,341ml,2
Tiger,Unsalted800g,1
Tiger,8 Pound,1
Tilapia,300g,2
Tilda,250g,20
Tilda,4.54kg,7
Tilda,1.81kg,6
Tilda,907g,5
Tilda,Tilda Lime & Cilantro,1
Tilda,Tilda Basmati Rice 2lb (907g),1
Tilda,TILDA RTH JASMINE 250G,1
Tilda,TILDA GOLDEN SELLA,1
Tilda,4.54 kg (10 lb),1
Tilda,1.81 kg (4 lb),1
Tim Hortons,300g,33
Tim Hortons,540ml,24
Tim Hortons,10ea,14
Tim Hortons,100g,14
Tim Hortons,30ea,12
Tim Hortons,12un,8
Tim Hortons,126g,8
Tim Hortons,30un,7
Tim Hortons,Keurig K-Cup 12ct Pod,6
Tim Hortons,48ea,6
Tim Hortons,425g,6
Tim Hortons,930g,5
Tim Hortons,8ea,5
Tim Hortons,875g,5
Tim Hortons,750ml,5
Tim Hortons,5ea,5
Tim Hortons,540 Millilitre,5
Tim Hortons,500g,5
Tim Hortons,454g,5
Tim Hortons,12ea,5
Tim Hortons,Keurig K-Cup 30ct Pods,4
Tim Hortons,20ea,4
Tim Hortons,10 cp,4
Tim Hortons,907g,3
Tim Hortons,5 Bars,3
Tim Hortons,48un,3
Tim Hortons,400ml,3
Tim Hortons,400 Millilitre,3
Tim Hortons,24ea,3
Tim Hortons,20un,3
Tim Hortons,Medium Roast300g,2
Tim Hortons,Keurig K-Cup 10ct Pod,2
Tim Hortons,640g,2
Tim Hortons,30 Each,2
Tim Hortons,283g,2
Tim Hortons,150g,2
Tim Hortons,14ea,2
Tim Hortons,120g,2
Tim Hortons,10un,2
Tim Hortons,Tim Hortons Apple Fritter Ice Cream 500ml,1
Tim Hortons,TIM HORTONS VANILLA DIP CREAMER,1
Tim Hortons,TIM HORTONS TH NCC LUNGO,1
Tim Hortons,TIM HORTONS TH NCC DECAF,1
Tim Hortons,TIM HORTONS TH NCC BRIGHT,1
Tim Hortons,TIM HORTONS TH NCC BOLD,1
Tim Hortons,TIM HORTONS DOUBLE DBL CREAMER,1
Tim Hortons,TH SPICY BEEF CHILI,1
Tim Hortons,TH MUSHROOM,1
Tim Hortons,TH FV Cappuccino K-Cup 24ct,1
Tim Hortons,TH Boston Cream Granola Bar 5 Pack,1
Tim Hortons,Pack of 14,1
Tim Hortons,Orange Pekoe Blend30 Each,1
Tim Hortons,ON 100% of net proceeds support TH Foundation Camps,1
Tim Hortons,Made with 100% Canadian Dairy,1
Tim Hortons,Keurig K-cup Pod 30ct,1
Tim Hortons,Keurig K-Cup Pods 30ct,1
Tim Hortons,Keurig K-Cup 30ct Pod,1
Tim Hortons,Keurig K-Cup 12ct Pods,1
Tim Hortons,E-TIM HORTONS TH COLUMBIAN SS 48CT,1
Tim Hortons,E-TIM HORTONS TDL KCUP CAR TOF,1
Tim Hortons,Dark Medium Roast30 Each,1
Tim Hortons,"Brand: Tim HortonsFeatures: 
907 g bag of Tim Hortons Original Whole Bean coffee
medium-bodied coffee with a smooth finish
For use in automatic filter coffee makers
Expertly roasted 100% premium Arabica beans
Whole bean
Releas",1
,,
Tim Hortons,"Brand: Tim HortonsColor: OriginalFeatures: 
expertly roasted to deliver a perfectly balanced flavor with a smooth finish.
Compatible with Keurig: our capsules are made for use with Keurig single-serve coffee Brewer",1
,,
Tim Hortons,"Brand: Tim HortonsColor: ColombianFeatures: 
expertly roasted to deliver a perfectly balanced flavor with a smooth finish.
Compatible with Keurig: our capsules are made for use with Keurig single-serve coffee",1
,,
Tim Hortons,8un,1
Tim Hortons,8ct X 28g pack,1
Tim Hortons,8CT X 28g Pack,1
Tim Hortons,5/8EA,1
Tim Hortons,5/8 EA,1
Tim Hortons,450g,1
Tim Hortons,425 GR,1
Tim Hortons,300G,1
Tim Hortons,20 pack | Box,1
Tim Hortons,20 Tea Bags 40g(1.4oz),1
Tim Hortons,20 Tea Bags 20g(0.71g),1
Tim Hortons,14un,1
Tim Hortons,12/540ml,1
Tim Hortons,12 Each,1
Tim Hortons,108ea,1
Tim Hortons,1.5kg,1
Tim Hortons,1.5 KG,1
Tim Hortons,,1
Timothy's,30ea,5
Timothy's,30un,3
Timothy's,12un,3
Timothy's,12 Each,2
Timothy¡¯s,30 count,3
Timothy¡¯s,Box of 12 K-Cup? pods,1
Timothy¡¯s,30 Count,1
TinNel's,1.12kg,3
Ting,300ml,1
Tingly Ted's,249ml,4
Tinkyada,340g,6
Tinkyada,397g,2
Tinkyada,280g,2
Tinkyada,454g,1
Tinnel's,1.12kg,12
Tints of Nature,130ml,8
Tio Jorge,20x454g,1
Tipiak,500g,2
Tipiak,1kg,2
Tipiak,Tipiak Couscous 1kg,1
Tipiak,E-TIPIAK TIPIAK GRAIN TOM&OR,1
Tipiak,E-TIPIAK TIPIAK GRAIN GAR&OIl,1
Tipiak,350g,1
Tiptree,RASPBERRY JAM,1
Tnarru,with Tamper,1
Tnarru,Glass Oil Bottle With Silicone Brush Silicone Dropper 2 In 1 Portable Heat Resistance Oil Container For Air Fryer Cooking Pancake Baking,1
Tnuva,200g,12
Tnuva,800g,4
Tnuva,750g,2
Tnuva,700g,2
Tnuva,4x125.0g,2
Tnuva,225g,2
Tnuva,170g,2
Tnuva,496g,1
Tnuva,400g,1
Tnuva,308g,1
Toaster Strudel,326g,2
Toblerone,360g,12
Toblerone,400g,3
Toblerone,120g,3
Toblerone,100g,3
Toblerone,50g,2
Toblerone,450ml,2
Toblerone,200g,2
Toblerone,Tob Choc cake,1
Toblerone,430g,1
Toblerone,430 g per unit,1
Toffifee,123g,2
Toffifee?,123g,5
Toffifee?,Coconut 123g,1
Toffifee?,246g,1
Tofu Superior,454g,1
Tofurkey,1.13kg,1
Tofurky,227g,3
Tofurky,156g,3
Tofurky,397g,2
Tofurky,737g,1
Tofutti,8x44.0ml,1
Tofutti,6x88.0ml,1
Tofutti,454g,1
Tofutti,340g,1
Tofutti,227g,1
Tofutti,100g,1
Tokimi,1360g,1
Tom's of Maine,85ml,9
Tom's of Maine,92g,8
Tom's of Maine,473ml,3
Tom's of Maine,90ml,2
Tom's of Maine,76ml,2
Tom's of Maine,38ml,1
Tomatoes,Organic Fresh284g,1
Tomatoes,Jubilee284g,1
Tomatoes,Hot HouseOrganic170g,1
Tomatoes,Hot House284g,1
Tomatoes,Hot House217.5g,1
Tomatoes,Fresh90g,1
Tomatoes,Fresh454g,1
Tomatoes,Field330g,1
Tomatoes,454g,1
Tomatoes,150g,1
Tomatoes,1 Pound,1
Tomi,125g,3
Tomshine,Coffee Machine Accessory Coffee Capsule Stainless Steel Repeating Use Coffee Filter Coffee Strainer Reusable Compatible With Dolce Gusto Coffee Machine,1
Tonelli,680g,1
Tong Garden,TG SALTED BROAD BEAN,1
Tong Yeng,230g,1
Tong Yeng,100 grams,1
Tonica,355ml,15
Tonica,1.1l,2
Tonnelli,500ml,9
Tonnelli,680g,5
Tonnelli,710g,3
Tonnelli,454g,3
Tonnelli,Tonnelli - Dressing Balsamic Vingrtt - Case of 12-16 FZ,1
Tonnelli,480ml,1
Tonnelli,1l,1
Tony's,500g,1
Tootsie,60g,2
Tootsie,1.3kg,2
Tootsie,85g,1
Tootsie,7un,1
Tootsie,700g,1
Tootsie,32g,1
Tootsie,275 x 1.4kg,1
Tootsie,200g,1
Tootsie,18g,1
Tootsie,185g,1
Tootsie,142g,1
Tootsie Roll,599g,1
Tootsie Roll,1300g,1
Top Grass Cattle Company,454g,1
Top Grass Cattle Company,4 Each,1
Top Shelf,296ml,1
Top Shelf Canada,296ml,2
TopLLC,TopLLC Cream Horn Model Stainless Steel Roll Flared Danish Croissant Model croissant pastry mold,1
TopLLC,TopLLC Coffee Filter Cup Drip Cup Hand-brewed Coffee Cup Drip Filter Coffee Filter Cup For Hiking Camping Home Office Coffee Cup,1
Toppits,400g,3
Toppits,80g,1
Toppits,454g,1
Toppits,200g,1
Topps,48g,1
Torani,375ml,4
Torani,Torani Brown Sugar Cinnamon Flavoring Syrup Plastic 750ml Bonus Squeeze Pump,1
Torino,100g,2
Torino,300g,1
Tostitos,245g,16
Tostitos,418ml,12
Tostitos,275g,10
Tostitos,295g,9
Tostitos,240g,9
Tostitos,645ml,8
Tostitos,455g,5
Tostitos,432g,5
Tostitos,270g,5
Tostitos,628ml,4
Tostitos,394ml,4
Tostitos,250g,4
Tostitos,215g,4
Tostitos,205g,4
Tostitos,430g,3
Tostitos,418ml.,3
Tostitos,418 Millilitre,3
Tostitos,645ml.,2
Tostitos,645 Millilitre,2
Tostitos,416ml,2
Tostitos,320g,2
Tostitos,300g,2
Tostitos,245GM,2
Tostitos,Rounds295g,1
Tostitos,Rounds Value Size480g,1
Tostitos,Hearty Dippers250g,1
Tostitos,90g,1
Tostitos,628 Millilitre,1
Tostitos,480g,1
Tostitos,480GM,1
Tostitos,455GM,1
Tostitos,455 GM,1
Tostitos,432ml.,1
Tostitos,430 GM,1
Tostitos,423ml,1
Tostitos,416g,1
Tostitos,394 Millilitre,1
Tostitos,320 GM,1
Tostitos,290g,1
Tostitos,250GM,1
Tostitos,250 g.,1
Tostitos.,416ml.,1
Tosuta,100g,2
Tosuta,90g,1
Totole,E-AL PREMIUM TTL CHICKEN BOUILLON,1
Toufayan,312g,5
Toufayan,567g,4
Toufayan,270g,2
Toufayan,258g,2
Toufayan,6 un - 312g,1
Toufayan,119g,1
Town House,TH SSLT PT CRSP CRCKR 247GMX12,1
Town House,TH ITAL HERB CRCKR 12GMX247,1
Tpzfurit,Fruit Tray Clear Snack Display Tray Candy Snack Tray Nut and Dried Fruit Storage Box Snack Tray for Kitchen and Party Food and Pantry Organization,1
Tpzfurit,Diy 4 Homemade Ice Cream Chocolate Candy with 20 Wooden Sticks,1
Tpzfurit,50pcs Empty Teabags String Heat Filter Paper Herb Loose Tea Bag,1
Tracklements,250g,5
Tracklements,140g,5
Tracklements,345g,2
Tracklements,150g,2
Tracklements,335g,1
Tradition,70g,9
Tradition,950ml,5
Tradition,1.5l,4
Tradition,750ml,3
Tradition,40g,3
Tradition,2.25l,3
Tradition,65g,2
Tradition,200g,2
Tradition,Tradition Spark. apple juice 750ml,1
Tradition,Tradition Spark. Raspberry lemonade 750ml,1
Tradition,Tradition Spark. Pear 750ml,1
Tradition,Tradition Spark. Apple Cranberry juice 750ml,1
Tradition,SOUP VEGETABLE,1
Tradition,79g,1
Tradition,57g,1
Tradition,56g,1
Tradition 1905,300g / Boxed Cookies,2
Tradition 1905,350 g / Boxed Cookies,1
Tradition 1905,325g / Boxed Cookies,1
Tradition 1905,300g,1
Tradition Foods,Noodle Soup,1
Tradition Ste-Julie,180g,3
Traditional Medicinals,16ea,30
Traditional Medicinals,16un,25
Traditional Medicinals,16 Wrapped Tea Bags,13
Traditional Medicinals,16 Each,6
Traditional Medicinals,20 ct,5
Traditional Medicinals,32g,2
Traditional Medicinals,28g,2
Traditional Medicinals,SMOOTH MOVE PEPMINT,1
Traditional Medicinals,RASPBERRY LEAF,1
Traditional Medicinals,E-TRADITIONAL MEDICI SMOOTH MOVE PEPMINT,1
Traditional Medicinals,E-TRADITIONAL MEDICI RASPBERRY LEAF,1
Traditions,750g,2
Traditions,650g,2
Tradizionale,Tradiz Spinaci Ric,1
Trail Mix,Bulk100g,7
Trail Mix,100g,3
"Trail Mix,",- Peanut Butter Lovers100g,1
Tramezzini,250g,1
Transemion,Wide Steel Cup And Practical Multi-functional Sauce Container Salad Salad Dressing Seal Well£¬Convenient And Salad Cups Application Well light green lid,1
Transemion,Wide Steel Cup And Practical Multi-functional Salad Dressing Containers Steel Sauce Cup Seal Well£¬Convenient And Salad Cups Application Well purple lid,1
Transemion,Wide Steel Cup And Practical Multi-functional Salad Containers Steel Sauce Dressing Seal Well£¬Convenient And Salad Cups Application Well Pink lid,1
Transemion,Wide Steel Cup And Practical Multi-functional Container Kitchen Tools Salad Salad Dressing Seal Well£¬Convenient And Salad Cups Application Well Blue lid,1
Tre Marie,750g,2
Tre Marie,930g,1
Tre Stelle,200g,63
Tre Stelle,475g,19
Tre Stelle,340g,10
Tre Stelle,175g,8
Tre Stelle,375g,7
Tre Stelle,125g,7
Tre Stelle,100g,6
Tre Stelle,850g,5
Tre Stelle,350g,5
Tre Stelle,150g,5
Tre Stelle,80g,4
Tre Stelle,280g,4
Tre Stelle,275g,4
Tre Stelle,1kg,4
Tre Stelle,750g,2
Tre Stelle,560g,2
Tre Stelle,240g,2
Tre Stelle,1 piece,2
Tre Stelle,500g,1
Tre Stelle,3 x 250 g (750 g total),1
Tre Stelle,2x140g,1
Tre Stelle,2x120g,1
Tre Stelle,265g,1
Tre Stelle,225g,1
Tre Stelle,200?g,1
Tre Stelle,170g,1
Tre Stelle,125?g,1
Tre Stelle,$3.99/100g $18.10/1lb,1
Tre Stelle,$3.29/100g $14.93/1lb,1
Tre Stelle,$3.29/100g,1
Tre Stelle,,1
Treasure Mills,320g,2
Tremarie,750g,2
Tremarie,140g,2
Tremarie,850g,1
Tremarie,800g,1
Tremarie,1000g,1
Trensit¨¦,Trensit¨¦ Whole MP 500g,1
Tres Estrella,500g,1
Trident,1un,7
Trident,42 count,5
Trident,40 Each,4
Trident,14un,4
Trident,3un,3
Trident,14 Each,2
Trident,50 Each,1
Trident,3x14un,1
Trident,3 count,1
Trident,3 Pack,1
Trident,1 Each,1
Trident Coffee,42 count,3
Trident Coffee,3 count,1
Trident Seafoods,317g,1
Trident Seafoods,,1
Triguisar,70g,1
Trio Bakery,454g,2
Triple Crown,454g,1
Triscuit,200g,27
Triscuit,185g,8
Triscuit,354g,2
Trix,306g,2
Trix,303g,1
Trolli,142g,2
Trolli,Net weight: 142g,1
Trolli,Net weight: 120g,1
Trolli,Net Weight: 142g,1
Trolli,120g,1
Trophy,200g,10
Trophy,100g,4
Trophy,Tex Mex100g,1
Trophy,Roasted Salted100g,1
Trophy,Roasted Plain100g,1
Trophy,Raw100g,1
Trophy,Olympic100g,1
Trophy,Honey Roasted100g,1
Trophy,Hickory Smoked100g,1
Trophy,Dry Roasted No Salt100g,1
Trophy,Dry Roasted & Salted100g,1
Trophy,Chocolate Cherry100g,1
Trophy,Blanched100g,1
Trophy,325g,1
Tropical Treets,1l,11
Tropicana,1.36l,36
Tropicana,1.54l,27
Tropicana,1.75l,13
Tropicana,2.63l,11
Tropicana,1.36 Litre,8
Tropicana,325ml,5
Tropicana,355ml,4
Tropicana,2.63?l,4
Tropicana,2.63 Litre,4
Tropicana,1.75?l,3
Tropicana,1.54 L Bottle,3
Tropicana,TPN ZS LEM 1.36,2
Tropicana,TPN WATERMElON 1.36l,2
Tropicana,TPN STRW PEACH 1.36,2
Tropicana,TPN LEMONADE 1.36,2
Tropicana,TPN BlCK BlBRY 1.36l,2
Tropicana,1.36L TROPSP,2
Tropicana,1.36L TROPNP,2
Tropicana,1.36L TROPLP,2
Tropicana,1.36L TROPICANA PINEAPPLE MANGO,2
Tropicana,1.36L TROPGF,2
Tropicana,ropicana Lemonade is made with real lemon juice?,1
Tropicana,Tropicana Blackberry Blueberry Fruit Drink 1.54L Bottle,1
Tropicana,TPN ZS PCH 1.36,1
Tropicana,No Pulp is made with 100% pure orange juice and no added sugar.,1
Tropicana,1.75 Litre,1
Tru Fru,TruFru Nature's Raspberries Frozen Fresh in White & Dark Chocolate,1
Tru Fru,TruFru Drk PB Bananas 6oz,1
Tru Fru,Nature's Strawberries Frozen Fresh in White & Milk Chocolate,1
Tru Fru,Nature's Pineapple Frozen Fresh in White Chocolate & Coconut,1
Tru Fru,Nature's Bananas Frozen Fresh in Peanut Butter & Dark Chocolate,1
Tru Star,100g,1
Trubar,12x50g,4
Trubar,600g,1
Trubar,50g,1
Truckle Bros,200g,4
Trudeau,227g,2
Trudeau,1un,2
Trudeau,POP SALT OR PEPPER SHAKER,1
Trudeau,PEPPER MILL/SALT SHAKER,1
Trudeau,142g,1
Trudeau,115g,1
True Citrus,Naturally Flavoured Drink Mix,2
True Citrus,30g,2
True Fruit,217ml,5
True North,568g,3
True North,227g,2
True North,Around 7 scallops per tray,1
True North,340g,1
True North,150g,1
True North,142g,1
True North,,1
Truff,170g,2
Truly Fruit,227g,2
Truly Fruit,Truly Fruit Soft Jells,1
Trung Nguyen,352g,2
Trung Nguyen,288g,1
Truvia,340g,4
Truvia,270g,4
Truvia,680g,3
Truvia,80 Count (160 g Carton),2
Truvia,454g,2
Truvia,160g,2
Truvia,80x2g,1
Truvia,397g,1
Truvia,280g,1
Truvia,1 Each,1
Try Me,147 Millilitre,1
Tssuouriy,Wide Steel Cup And Practical Sauce Cup Sauce Multi-functional Salad Dressing Seal Well£¬Convenient And Salad Cups Application Well light green lid,1
Tssuouriy,Wide Steel Cup And Practical Multi-functional Salad Dressing Seal Container Salad Dressing Containers Well£¬Convenient And Salad Cups Application Well purple lid,1
Tssuouriy,Wide Steel Cup And Practical Multi-functional Cup Sauce Container Salad Dressing Seal Well£¬Convenient And Salad Cups Application Well Yellow lid,1
Tssuouriy,Ice Cream Cone Holder Waffle Cone Holder Food cone fries holder. 3 HOLES: Holder for Birthday Decor Clear,1
Tssuouriy,50Pcs Coffee Filter Paper Basket Filters Filters Paper kitchen Paper for Coffee Machine S,1
Tsuru Mai,2kg,2
Tubes by Yoplait,8 ct,9
Tubes by Yoplait,8 x 56g,7
Tuborg,4x473.0ml,1
Tuff,250g,1
Tuna Helper,206g,1
Tunnel Bar-B-Q,365ml,2
Tunnock's,120g,4
Tunnock's,240g,3
Tunnock's,144g,3
Tunnock's,8 x 30g,2
Tunnock's,Tunnocks Snowballs 12x4,1
Tunnock's,6x24g,1
Tunnock's,4 x 30g,1
Turin,0.2kg,1
Turkey,Grade A Turkey 9-11kg10kg,1
Turkey,Grade A 7 To 9 Kgs8kg,1
Turkey,6.5kg,1
Turkey,4kg,1
Turkey,4.5kg,1
Turkey,12kg,1
Turkey,10kg,1
Turkey Breast,100g,1
Turkey Hill,1.89l,3
Turkey Hill,LEMONADE,2
Turkey Hill,Turky Hill Strawberry/ Kiwi/ Lemon,1
Turkey Hill,TURKEY HILL PINK LEMONADE,1
Turkey Hill,Lemonade,1
Turkey Hill,Iced Tea,1
Turkey Hill,Green tea,1
Turkey Hill,3.78l,1
Turkey Hill,1.89ea,1
Turkey Ready,Turkey Ready Pre Seasoned Stuffing Loaf,1
Tuscanini,400g,7
Tuscanini,500g,2
Tuscanini,425g,2
Tuscanini,250ml,2
Tuscanini,130g,2
Tuscanini,688g,1
Tuscanini,500ml,1
Tuscanini,454g,1
Tuscanini,453g,1
Tuscanini,300g,1
Tuscanini,260g,1
Tuscanini,241g,1
Tuscanini,204g,1
Tuscanini,200ml,1
Tuscanini,200g,1
Tutti Gourmet,180g,6
Tutto Calabria,290g,3
Tutto Calabria,290 GR,1
Twigz,130g,9
Twin Marquis,453g,2
Twinings,20ea,35
Twinings,20un,20
Twinings,Pack of 20 Tea Bags,15
Twinings,50ea,13
Twinings,20 Each,13
Twinings,18ea,7
Twinings,Pack of 50 Tea Bags,5
Twinings,50un,5
Twinings,100ea,5
Twinings,50 Each,4
Twinings,18un,4
Twinings,Mandarin & Orange20 Each,3
Twinings,30g,3
Twinings,12ea,3
Twinings,100g,3
Twinings,Twinings Pure Peppermint 50ct,2
Twinings,Twinings English Breakfast Strong 20ct,2
Twinings,Twinings Earl Grey Creamy Vanilla 20ct,2
Twinings,Pack of 100 Tea Bags,2
Twinings,1un,2
Twinings,100un,2
Twinings,TWINING PCH&ORNG 20S,1
Twinings,TWINING ENGBKFT 100S,1
Twinings,TWINING CAMOMILE 50S,1
Twinings,"Established 1706
More Than 300 Years of Expertise
Sealed for Freshness
A soothing herbal tea made with camomile and the slightly sweet flavours of honey & vanilla",1
,,
Twinings,40g,1
Twinings,12 Each,1
Twinings London,18un,4
Twinings of London,20un,15
Twinings of London,50un,5
Twinkle,25g,11
Twinkle,80g,6
Twinkle,120g,6
Twinkle,185g,5
Twinkle,140g,5
Twinkle,125g,5
Twinkle,76g,3
Twinkle,24 Each,3
Twinkle,200g,3
Twinkle,130g,3
Twinkle,Net weight: 19g/pen,2
Twinkle,Net weight 228g,2
Twinkle,Net weight 200g,2
Twinkle,Net Weight 130g,2
Twinkle,90g,2
Twinkle,4x10ml,2
Twinkle,36ml,2
Twinkle,30g,2
Twinkle,24un,2
Twinkle,1un,2
Twinkle,160g,2
Twinkle,Twinkle Swirled Frosting Blue & White- 160g,1
Twinkle,Twinkle Swirled Frosting - Pink & White,1
Twinkle,Twinkle Sprinkles Triplet Silver Holiday 205g,1
Twinkle,Twinkle Food Colouring- Original 4x10ml,1
Twinkle,Twinkle Dessert Toppers- Salted Caramel Candy Crumbs - 100g,1
Twinkle,Twinkle Dessert Toppers- Chocolate Monkey Syrup 450ml,1
Twinkle,Twinkle Dessert Toppers - Tropical Sprinkle Mix (Choco Sprinkle Mix) -100g,1
Twinkle,Twinkle Dessert Toppers - Strawberry Shortcake Syrup 450ml,1
Twinkle,Twinkle Dessert Toppers - Mini Dehydrated Marshmallows 85g,1
Twinkle,TWINKLE GLITTER ICING GEL KT,1
Twinkle,TWINKLE BAKING DECOR FOOD COLOUR 4PACK NEON,1
Twinkle,TWINKLE 160G SWRL PINK & WHITE,1
Twinkle,Sprinkles Unicorn Mix Pouch,1
Twinkle,Sprinkles Mermaid Mix,1
Twinkle,Sprinkles 30g Gld&Slvr,1
Twinkle,Sour Blast 57g,1
Twinkle,Rainbox explosion gummy mix,1
Twinkle,Rainbow mix sprinkles,1
Twinkle,Net Weight 70g,1
Twinkle,Net Weight 25g,1
Twinkle,Mini Dehydrated Marshmallows45g,1
Twinkle,Glitter Powder 2PK,1
Twinkle,Fashion4 Each,1
Twinkle,COOKIE ICING 2PK RED_WHITE 200g,1
Twinkle,Blue Raspberry Syrup,1
Twinkle,Bear Crumbs Mix,1
Twinkle,75G UNICORN MIX,1
Twinkle,75G UNFER THE SEA MIX,1
Twinkle,75G DINO MIX,1
Twinkle,75G CHOC JIMBITS,1
Twinkle,55g Powder to Gum - Sour,1
Twinkle,40 Millilitre,1
Twinkle,4 cell Frozen Magic Jar130g,1
Twinkle,4 Each,1
Twinkle,4 Cell Jar 80g Celebration Mix,1
Twinkle,36ml Red Food Clr,1
Twinkle,2un,1
Twinkle,228g,1
Twinkle,195g,1
Twinkle,180g,1
Twinkle,150g,1
Twinkle,145g,1
Twinkle,130G NET RAINBOW MIX,1
Twinkle,130G NET MYSTICAL MIX,1
Twinkle,115g,1
Twinkle Baker Decor,140g,5
Twinkle Baker Decor,80g,4
Twinkle Baker Decor,160g,2
Twinkle Baker Decor,40ml,1
Twinkle Baker Decor,116g,1
Twinkle Baking Decor,Triplet Sprinkles Let it Shine Mix,1
Twinkle Baking Decor,Barbie Triplet Sprinkles 180g,1
Twinnings,100g,2
Twisted Noodles,1 x 64 G,3
Twisted Noodles,1 pack,2
Twisted Tea,12x355.0ml,1
Twix,50g,3
Twix,85g,1
Twix,4 Each,1
Twix,200g,1
Twizzler,400g,4
Twizzler,454g,2
Twizzler,396g,2
Twizzler,375g,2
Twizzler,311g,2
Twizzler,175g,2
Twizzler,90g,1
Twizzler,453g,1
Twizzlers,170g,8
Twizzlers,400g,6
Twizzlers,311g,5
Twizzlers,454g,3
Twizzlers,396g,3
Twizzlers,375g,3
Twizzlers,317g,3
Twizzlers,100g,3
Twizzlers,680g,2
Twizzlers,623g,2
Twizzlers,453g,2
Twizzlers,182g,2
Twizzlers,175g,2
Twizzlers,90g,1
Twizzlers,75g,1
Twizzlers,60g,1
Twizzlers,350g,1
Twizzlers,227g,1
Twizzlers,311g,1
Two Bears,207ml,8
Two Bears,946ml,4
Two Bite,12 Each,6
Two Bite,Vanilla12 Each,1
Two Bite,340g,1
Two Bite,265g,1
Two Good,4x95g,6
Two Good,625g,5
Two Good,625g Yogurt Tub,2
Two Good,Vanilla Flavoured625g,1
Two Good,Vanilla Flavoured380g,1
Two Good,Strawberry Flavoured380g,1
Two Good,Raspberry Flavoured380g,1
Two Good,Plain625g,1
Two Good,4x95g Vanilla Yogurt,1
Two Good,4 x 95g,1
Two Scoops Raisin Bran,625g,1
Two Scoops Raisin Bran,425g,1
Two-Bite,284g,7
Two-Bite,12 Each,3
Two-Bite,Vanilla12 Each,1
Two-Bite,Chocolate12 Each,1
Two-Bite,608g,1
Two-Bite,360g,1
Two-Bite,350g,1
Two-Bite,255g,1
Two-Bite,220g,1
Two-bite,284g,2
Typhoo,80un,2
Typhoo,80ea,2
Typhoo,80 tea bags,1
Typhoo,80 Each,1
Tzali,900g,1
Tzali,800g,1
Tzalis,800g,4
Tzalis,600g,3
Tzalis,900g,1
Tzalis,400g,1
U Style,10 Pieces Insect Cake Decoration Happy Decoration Exquisite Simulation Birthday Party Decor Simulation Crafts Sign Dessert Cakes Pastry Baking Type 2,1
U Style,10 Pieces Insect Cake Decoration Happy Birthday Party Happy Birthday Engagement Decor Simulation Crafts Sign Dessert Cakes Pastry Baking Type 6,1
U Style,10 Pieces Insect Cake Decoration Happy Birthday Party Baking Ornament Arrangement Decor Simulation Crafts Sign Dessert Cakes Pastry Baking Type 5,1
U&M,300g,2
U&M,227g,2
U&M,908g,1
U&M,500g,1
UCC,337ml,4
UCC,90g,2
UCC,UCC Original Blend Coffee,1
UCC,112g,1
UFC,550g,5
UFC,1l,4
UFC,6x500.0ml,2
UFC,500ml,2
UFC,1kg,2
UFC,530g,1
UJINOTSUYU,400g,1
UNFI,HAWAIIAN WIDE SLICE,1
UNFI,E-UNFI CHICK'N TENDERS,1
UNFI,CHICK'N TENDERS,1
UNICO,375ml,4
UNICO,Unico White Wine Vinegar 500ml,1
UNICO,Unico White Balsamic Vinegar 500ml,1
UNICO,Unico Red Wine Vinegar 500ml,1
UNICO,Unico Pepperoncini 750ml,1
UNICO,Unico Balsamic Vinegar of Modena 500ml,1
UNICO,Pitted Kalamata Olives,1
UNICO,3 pack of 80g,1
UNICO,210ml,1
UNICO,198g,1
UNICO,170ml,1
UNNAV,Lipton Kosher Recipe Secrets Onion Soup - Case Of 12 - 1.9 Oz.,1
UTA,150g,1
Ujinotsuyu,40g,4
Ujinotsuyu,400g,2
Ujinotsuyu,200g,2
Umyum,200g,4
Umyum,170g,1
Unatoiry,Wide Steel Cup And Practical Multi-functional Containers With Silicone Salad Dressing Seal Well£¬Convenient And Salad Cups Application Well light green lid,1
Unatoiry,Unatoiry White Reusable Marinade Compact And Portable For Flavorful Meals BBQ Meat As Shown 1Set,1
Unatoiry,Unatoiry Ice Cream Cone Holder Waffle Cone Holder Food Holder for Birthday Decor Clear 19 x 9cm 1Set,1
Unatoiry,Unatoiry Efficient Snack Box Container For Quick And Easy Snacking Multifunctional rotatable,1
Unatoiry,Ice Cream Cone Holder Waffle Cone Display Stand Clear Holder Food Holder for Birthday Decor Clear,1
Unatoiry,50Pcs Coffee Filter Paper Basket Coffee Filters Paper Filters Paper for Coffee Machine S,1
Unatoiry,24 Pockets Santa Claus Christmas Advent Calendar Candy Felt Decoration Wall Hanging Ornament Snacks Biscuits Home Bedroom Living Room Decoration Red,1
Unatoiry,15x20cm,1
Unbranded,With Silicone Bellow Silicone Bellow Coffee Bellow Coffee Mazzer Dose With Silicone Coffee Mazzer Coffee Alloy Dose With Coffee Type 3 Dose Lsfyyds Alloy Coffee Qisuo Alloy,1
Unbranded,Water Water Water Outer Zdhf Water Filter Water Leeofty Mewmewcat,1
Unbranded,Seltzer Must-Have Picnic Accessories &Beach Gadgets (Purple)24052901,1
Unbranded,Seltzer Must-Have Picnic Accessories & Beach Gadgets (Pink)24052906,1
Unbranded,Seltzer Must-Have Picnic Accessories & Beach Gadgets (Blue)24052905,1
Unbranded,Printer Ink Printpen Handheld Diy Patterns Art Diy 18ml Portable Coffee Art Ink 18ml Ink - Art,1
Unbranded,NANAK DESI GHEE 400G,1
Unbranded,Green-51503,1
Unbranded,Espresso Portable Coffee Bean 5 Adjustable Stop Espresso Portable Coffee Bean 5 Auto Stop Espresso Bin Type-c Office Adjustable Auto Stop Portable Coffee With 5 Adjustable Auto,1
Unbranded,Coffee 13w 200ml Adjustable Burr Coffee Portable Coffee Portable 13w 200ml Usb Coffee Bean With Brush Office Bean With Brush Dsfen Mizuh,1
Unbun,64g,3
Unbun,350g,3
Unbun,520g,1
Unbun,360g,1
Unbun,340g,1
Unbun,220g,1
Unbun,210g,1
Uncle Ben's,Perfect Every Time?,5
Uncle Bob,270g,1
Uncle Dan's,21g,3
Uncle Dan's,28g,1
Uncle Dans,Twin Pack42.5g,1
Uncle Lee's Tea,combining traditional methods from,1
Uncle Lee's Tea,ORGGRNTEA 40CT,1
Uncle Lee's Tea,ORG OOLONGGRTEA,1
Uncle Lee's Tea,ORG MATCHA GREEN TEA,1
Uncle Lee's Tea,E-UNFI ORG BLACK TEA 40CT,1
Uncle Lee's Tea,100un,1
Uncle Lees,30ea,1
Uncle Lees,100ea,1
Uncrustables,anywhere. Found in the freezer aisle. Just Thaw & Eat,1
Uncrustables,SM 58G UNCR PB STW SW 4PK 8CT,1
Uncrustables,SM 58G UNCR PB STW SW 10PK 6CT,1
Uncrustables,SM 58G UNCR PB GRP SW 4PK 8CT,1
Uncrustables,SM 52G UNCR CHO HZT SW 4PK 8CT,1
Undercover,57g,6
Ungar's,567g,2
Ungars,908g,1
Unger,454g,2
Unger,420g,1
Uni Eagle,815g,2
Unico,540ml,33
Unico,375ml,31
Unico,750g,25
Unico,796ml,23
Unico,750ml,19
Unico,680ml,10
Unico,398ml,9
Unico,500ml,8
Unico,3l,6
Unico,210ml,6
Unico,540 Millilitre,5
Unico,375 Millilitre,5
Unico,213ml,5
Unico,796 Millilitre,4
Unico,370ml,4
Unico,200ml,4
Unico,156ml,4
Unico,99g,3
Unico,1l,3
Unico,125ml,3
Unico,50g,2
Unico,473ml,2
Unico,200 Millilitre,2
Unico,198g,2
Unico,5l,1
Unico,4l,1
Unico,400ml,1
Unico,3x80.0g,1
Unico,369ml,1
Unico,2l,1
Unico,250g,1
Unico,210 Millilitre,1
Unico,170ml,1
Unilever,6 cubes,2
Unilever,473ml Ice Cream,1
Unilever,470ml,1
Unilever,40g,1
Union,2 lb,1
Unisoya,454g,3
Unisoya,300g,1
United Bakery,588g,2
United Bakery Manufacturers,Rainbow Bagels,1
United National,360g,2
Universal Filipino Foods,550g,2
Universal Filipino Foods,680g,1
Universal Filipino Foods,620g,1
Universal Filipino Foods,250g,1
Upton's Naturals,200g,2
Urban Fare,500g,2
Urban Fare,1 Each,1
Urban Remedy,28g,1
Urban Slicer,380g,3
Urban Spa,300ml,6
Urban Spa,80ml,1
Urban Spa,250ml,1
Ushia,300ml,12
Ushia,70g,4
Ushia,400g,4
Ushia,400ml,3
Ushia,196g,2
Ushia,150ml,2
Ushia,Ushia Premium Roasted Seaweed Extra Virgin Olive Oil 6pk 30g,1
Ushia,S - Sauce Sweet Plum KPY,1
Ushia,S - Sauce Sweet,1
Ushia,S - Sauce Sesame Teriyaki SF,1
Ushia,S - Sauce Sesame Teriyaki Low Sodium,1
Ushia,S - Sauce Peanut Satay (Kitniyot) KPY,1
Ushia,S - Sauce Hoisin,1
Ushia,Rice Paper Square KPY,1
Ushia,Rice Paper Round KPY,1
Ushia,Premium Roasted Seaweed Sea Salt 6pk,1
Ushia,Premium Roasted Seaweed Extra Virgin Olive Oil 6pk,1
Ushia,L - Sauce Sriracha KPY,1
Ushia,600ml,1
Ushia,300g,1
Ushia,28g,1
Ushia,23g,1
Ushia,200g,1
Usmixi,Usmixi Online Shopping Stainless Steel Water Filter VegetableMoon Shaped Pot Side Filter Slag Separator Filter BafflePlate Two Options,1
Usmixi,Usmixi Holiday Saving Clear Frosted Pencil Holders Desktop Storage Makeup Brush Storage Holders Office Supplies Simples Pencil Stationery Thicker,1
Usmixi,Usmixi Flash Deals Wooden Pet Memorial Altar Piecess,1
Usmixi,Usmixi Clearance Sales Stainless Steel Sink Draw Faucet Splashs Proof Telescopic Pressure Household Wash Basin Hot and Cold Kitchen Faucet,1
Ussuma,random color Todays Deals Clearance Sales,1
Ussuma,USSUMA Wal-mart Deals Ice Cream Food Grade Home Children's Homemade Ice Cream Refrigerator Popsicle Popsicle Ice Cream Popsicle Deals of the Day Clearance Prime,1
Ussuma,USSUMA Wal-mart Deals Christmas Tree Dried Fruit Tray Household Snack Tray Plastic Candy Tray Melon Seed Tray Fruit Dried Fruit Box Deals of the Day Clearance Prime,1
Ussuma,USSUMA Up to 90% Off Popsicle Holders Bags Reusable Washable Ice Popsicle Holders 10pc Deals of the Day Clearance Prime,1
Ussuma,USSUMA Up to 90% Off Ice Cream Popsicle Popsicle Ice Cream Home Popsicle Box DIY Ice Deals of the Day Clearance Prime,1
Ussuma,USSUMA Up to 90% Off Ice Cream Food Grade Home Children's Homemade Ice Cream Refrigerator Popsicle Popsicle Ice Cream Popsicle Wal-mart Deals,1
Ussuma,USSUMA Up to 90% Off Ice Cream Food Grade Home Children's Homemade Ice Cream Refrigerator Popsicle Popsicle Ice Cream Popsicle Deals of the Day Clearance Prime,1
Ussuma,USSUMA Up to 90% Off Home Made Ice Cream Set Box For Making Ice Cream Ice Cream Ice Cream Children's Ice Cream Stick Ice Cream Stick Wal-mart Deals,1
Ussuma,USSUMA Up to 90% Off Double Layer Candy And Dried Fruit Rotating Design Dessert Todays Deals Clearance Sales,1
Ussuma,USSUMA Up to 90% Off Aviation Modeling Popsicle Home-Made Children's Popsicle Ice-Cream Ice-Cream Deals of the Day Clearance Prime,1
Ussuma,USSUMA Up to 90% Off Angel Boy Harp Acrylic Disc Pendant Home Wall Decor Chain Pendant Porch Decoration Deals of the Day Clearance Prime,1
Ussuma,USSUMA Up to 90% Off 4 Hand-held Popsicles With Transparent Self-made Ice Cream With Lid Deals of the Day Clearance Prime,1
Ussuma,USSUMA Todays Deals Clearance Sales Christmas Tree Dried Fruit Tray Household Snack Tray Plastic Candy Tray Melon Seed Tray Fruit Dried Fruit Box Deals of the Day Clearance Prime,1
Ussuma,USSUMA Todays Deals Clearance Sales Aviation Modeling Popsicle Home-Made Children's Popsicle Ice-Cream Ice-Cream Wal-mart Deals,1
Ussuma,USSUMA Deals of the Day Clearance Prime Home Baking Bee Rice Cake Model Critter Cake Model Wal-mart Deals,1
Ussuma,USSUMA Deals of the Day Clearance Prime Cream Horn Model Stainless Steel Roll Flared Danish Croissant Model Todays Deals Clearance Sales,1
Ussuma,USSUMA Deals of the Day Clearance Prime Angel Wall Christmas Decorations Angel Allegory Home Wall Decor Chain Hanging Porch Decoration Wal-mart Deals,1
Ussuma,USSUMA Deals of the Day Clearance Prime 4 Popsicle Diy Ice Cream Ice Cream Todays Deals Clearance Sales,1
Ussuma,USSUMA Chopper Portable Vegetable Chopper 250ml 3 Blades USB Rechargeable Suitable For Ginger Chilli Vegetables Meat Spices Beans Etc Home Camping Travelling Deals of the Day Clearance Prime,1
Ussuma,Popcorn Machine Wal-mart Deals,1
Ussuma,Candy Chocolate Jelly Polymer Paste Cake Decoration Todays Deals Clearance Sales,1
Utz,Utz Cheeseballs,1
Utz,652g,1
Utz,269g,1
V8,6x156.0ml,7
V8,1.89l,5
V8,1.89?l,3
V8,1.89 Litre,3
V8,6x156ml,2
V8,340ml,2
V8,Original6 Each,1
V8,950ml,1
V8 Juice,1.89l,1
VERKA,VERKA SUGRAIN ICING SUGAR,1
VERKA,VERKA SUGRAIN GLDN YELLOW,1
VERKA,E-VERKA VRK SONAMASOORI RICE,1
VERKA,E-VERKA VRK MIX FRUIT JAM,1
VH,341ml,55
VH,355ml,24
VH,341 Millilitre,10
VH,380ml,8
VH,355 Millilitre,3
VH,796ml,1
VH,796 Millilitre,1
VH,380 Millilitre,1
VH Sauces,341ml,12
VH Sauces,355ml,3
VH Sauces,380ml,2
VH Sauces,796ml,1
VIJ'S,460g,2
VIJ'S,300g,1
VILLA RAVIOLI,400g,4
VILLAGE DELIGHT,VILLAGE DELIGHT SHREDDED PORK-CRISP,1
VILLAGGIO,675g,4
VILLAGGIO,Pack of 8,2
VILLAGGIO,Pack of 6,2
VILLAGGIO,550g,2
VILLAGGIO,510g,2
VILLAGGIO,Villaggio? Artesano? Classic White Baguettes,1
VILLAGGIO,Villaggio Artesano? White Sourdough Sliced Bread,1
VILLAGGIO,Pack of 2; 300g,1
VILLAGGIO,600g,1
VILLAGGIO,540g,1
VITAL PROTEINS,567g,1
VITAL PROTEINS,284g,1
VITAL PROTEINS,221g,1
VITAMALT,330ml,1
VITASOY,6 x 250ml,5
VITASOY,Vitasoy Malt Drink,1
VONKY,VONKY Manual Cake Airbrush Pump Cake Coloring Duster Cake Decorating Tools Icing Coloring Tool for Family Store No.1,1
VONKY,VONKY Birthday cake with card balloons,1
VONKY,VONKY Aluminum Alloy Spray Proof Kitchen Modern Multi-functional Easy To Clean Easy To Install silver 1Set,1
VONKY,VONKY 4pcs/set Easy To Cookie Set Effortlessly Cut Out Fun And Unique Cookies Elegant Gift As Shown 5Set,1
VONKY,VONKY 2pcs Delicious And Nutritious Drinks With Multi-functional Nylon Fine Mesh Milk 25cm*30cm 5Set,1
VONKY,VONKY 200piece Tea Bags Convenient And Hygienic Made With Non-woven Hygienic And Food Safe Easy To Carry white 5Set,1
Vacadillos,including chiles and lime.,1
Vachon,6 cakes,7
Vachon,336g,7
Vachon,305g,7
Vachon,282g,7
Vachon,6un,5
Vachon,324g,4
Vachon,290g,4
Vachon,12un,4
Vachon,Pack of 1,3
Vachon,252g,3
Vachon,Vachon Chocolatey flavour Snack Cakes,2
Vachon,6 un - 305g,2
Vachon,6 un - 288g,2
Vachon,288g,2
Vachon,281g,2
Vachon,Vachon Sandwich Snack Cakes,1
Vachon,Vachon Apple-Raspberry flavour Pastry,1
Vachon,78g,1
Vachon,600?g,1
Vachon,6 un - 258g,1
Vachon,6 un - 248g,1
Vachon,6 pastries,1
Vachon,6 un - 252g,1
Vachon,291g,1
Vachon,258g,1
Vachon,250g,1
Vachon,205g,1
Vachon,205 g,1
Vachon,12 un - 336g,1
Vaidha,Black and Friday Deals Cyber and Monday Deals Vaidha Whisk Home Creamer Automatic Creamer Creamer Home Coffee Stirrer Frother,1
Valentina,370ml,3
Valentina,370 Millilitre,1
Valentina,140g,1
Valentine,680g,1
Valentine,50g,1
Valley Pop,180g,1
Valley Pop,150g,1
Valor,100g,3
Valsoia,397g,1
Value Priced,900g,4
Value Priced,600g,3
Value Priced,227g,3
Value Priced,810g,2
Value Priced,500g,2
Value Priced,450g,1
Value Priced,250 Millilitre,1
Value Priced,10 Each,1
Van Der Meulen,125g,1
Van Holtens,150ml,1
Van Houtte,340g,17
Van Houtte,30ea,14
Van Houtte,908g,11
Van Houtte,12un,11
Van Houtte,30un,10
Van Houtte,30 Count,5
Van Houtte,12ea,5
Van Houtte,10un,5
Van Houtte,12 Count,4
Van Houtte,Box of 12 K-Cup? pods,3
Van Houtte,640g,3
Van Houtte,24 Each,3
Van Houtte,Light Roast12 Each,2
Van Houtte,875g,2
Van Houtte,48ea,2
Van Houtte,24 count,2
Van Houtte,10x10.0ea,2
Van Houtte,100g,2
Van Houtte,10 Each,2
Van Houtte,Ground Coffee340g,1
Van Houtte,Dulce De Leche Light Roast 12 Pack12 Each,1
Van Houtte,650g,1
Van Houtte,300g,1
Van Houtte,24 Count,1
Van Houtte,20un,1
Van Houtte,12 K-Cup? Pods,1
Van Houtte,12 Each,1
Van Houtte,10ea,1
Van Houtte,10 count,1
Van Houtte,10 Count,1
Vanderwees Farms,Vanderwees Farms Large White Eggs,1
Vans,70g,3
Vector,Provides 10g of protein,1
Vector,Family Size,1
Vector,Apple Cinnamon,1
Vector,850g,1
Vector,400g,1
Veeba Foods,drip and dressing,1
Veeba Foods,Veeba pasta & Pizza - NONG,1
Veeba Foods,Veeba Tandoori veginnaise eggless,1
VegNature,135g,4
Vega,540g,4
Vega,271g,3
Vega,259g,3
Vega,168g,3
Vega,148g,3
Vega,876g,2
Vega,263g,2
Vega,12x30.0ea,2
Vega,128g,2
Vega,874g,1
Vega,862g,1
Vega,850g,1
Vega,837g,1
Vega,836g,1
Vega,828g,1
Vega,827g,1
Vega,812g,1
Vega,3.7g,1
Vega,258g,1
Vega,252g,1
Vegan Pure,469g,1
Vegan Pure,432g,1
Vegan Pure,415g,1
Vegan Pure,397g,1
Vegenaise,473ml,4
Vegeta,500g,5
Vegetable Thins,180g,2
Veggie,200g,1
Veggie Tray,1.6kg,1
Velveeta,450g,1
Velveeta,22 Slices,1
Venetian,175g,5
Venetian,150g,2
Venetian,350g,1
Venetian,300g,1
VerMints,40g,6
VerMints,40g | Multiple Flavours,1
Verde,147 Millilitre,1
Vergeer,480g,1
Vergeer Holland,6 Each,1
Vergeer Holland,120g,1
Verger St-Nicolas,190ml,1
Verka,400g,6
Verka,Net Weight 2.5lbs / 40oz,4
Verka,800g,3
Verka,350g,3
Verka,1kg,3
Verka,850g,2
Verka,454 g / 1 lb,2
Verka,360G,2
Verka,Verka Unrefined Cane Sugar Blocks,1
Verka,Verka Sugar Rewdi,1
Verka,Verka Peanut Gachak,1
Verka,Verka Gur Rewdi,1
Verka,Verka Frozen Methi,1
Verka,Verka Frozen Karela,1
Verka,Verka Frozen Cut Okra,1
Verka,VERKA ROASTED PEANUTS,1
Verka,VERKA DESI GHEE-CLARIFIED BUTTER 3KG X 1,1
Verka,Sweet made with coconut,1
Verka,Plain Paratha,1
Verka,Net Weight 400g,1
Verka,Multigrain Flour,1
Verka,Methi Paratha,1
Verka,Green Cardamom,1
Verka,Frozen Shahi Paneer,1
Verka,Frozen Paneer Tikka Masala,1
Verka,Frozen Dahi Bhalla,1
Verka,Dry mango slices,1
Verka,Chakri Sticks,1
Verka,Chakki Atta,1
Verka,Chaat Papdi,1
Verka,Amritsari Chole,1
Verka,500ml,1
Verka,370ml,1
Verka,285g,1
Verka,2.5lbs,1
Verka,2.5 lbs,1
Verka,2 lbs,1
Verka,1ea,1
Verka,175g,1
Verka,15 lb,1
Verka,10 lbs,1
Verka,10 lb,1
Verka,1.6kg,1
Verka,1.05kg,1
Verlasso,1 per tray,2
Verlasso,,1
Vernors,12x355ml - cans,1
Vernors,12x355ml,1
Very Special Chocolats,264g /24 count,1
Viande Richelieu,454g,1
Vibe,75g,3
Vicenzi,125g,6
Vicenzi,200g,2
Vicenzi,225g,1
Vicenzi,150g,1
Vichy C¨¦lestin,1.15l,1
Vieira,sell quantity 125g,3
Vieira,sell quantity 4x200g,1
Vieira,sell quantity 258g,1
Vieira,sell quantity 180g,1
Vieira De Costa,800g,1
Vieira de Castro,125g,2
Viera,300g,1
Viera,180g,1
Vieria,800g,1
Vieria,400g,1
Vieria,258g,1
Viflosae,Wine Rack Iron Art Display Bar Wine Cabinet Interior Decoration Summer Clearance,1
Viflosae,Viflosae up to 60% off Gifts Wooden Advent Calendar Party Chocolate Frame Decoration Wooden Advent Calendar Deals on toys,1
Viflosae,Viflosae up to 60% off Gifts Printed Kitchen Oil Barrier High Temperature Aluminum Foil Oil Baffle Save more on weekly flyer features,1
Viflosae,Viflosae up to 60% off Gifts Halloween Skull Cup Pinch Music Decoration Props Vent Decompression Spoof Tricky Decompression Coupon Centre,1
Viflosae,Viflosae up to 60% off Gifts Cup-Shaped Coffee Pod Storage Rack For Counter Coffee Bar Save with exciting events,1
Viflosae,Viflosae up to 60% off Gifts 2pcs Portable Plastic Large Garden And Yard Leaf Hand Leaf Rakes And Leaf Collector Garden Tools For Garden Rubbish Flash Deals,1
Viflosae,Viflosae up to 60% off Gifts 2024 Christmas Advent Calendar Puzzle Advent Calendar Puzzle 1000 Piece 2024 Christmas Calendar Male And Female Santa Claus Gift Puzzle Hottest Deals on tech,1
Viflosae,Viflosae Up to 40% off 10 Popsicle Diy Ice Cream Ice Cream Prime Day Deals 2024 Canada,1
Viflosae,Viflosae Todays Deals Clearance Sales Ice Cream With Lid Popsicle Summer Ice Cream Up to 40% off,1
Viflosae,Viflosae Shower Nozzle Garden Shower Kettle Nozzle Flower Watering Kettle Large Shower Head Stainless Steel Plastic Nozzle Save 15% on pets,1
Viflosae,Viflosae Savings Christmas Lighted Ornaments Santa Snowman Wooden Christmas Night Light Savings,1
Viflosae,Viflosae Prime Deals 10 Popsicle Diy Ice Cream Ice Cream Prime Day Deals 2024 Canada,1
Viflosae,Viflosae Prime Deals 10 Popsicle Diy Ice Cream Ice Cream Deals of the Day Clearance Prime,1
Viflosae,Viflosae Prime Day Deals 2024 Canada 10 Popsicle Diy Ice Cream Ice Cream Deals of the Day Clearance Prime,1
Viflosae,Viflosae Home Baking Bee Rice Cake Model Critter Cake Model Top School picks on Rollback,1
Viflosae,Viflosae Home Baking Bee Rice Cake Model Critter Cake Model Save with exciting events,1
Viflosae,Viflosae Halloween Home Skeleton Decoration Resin Ornament New Skeleton Pumpkin Crafts Gifts Three Piece Pumpkin Skeleton Set Save 15% on pets,1
Viflosae,Viflosae Dwarf Welcome Garden Outdoor Balcony Welcome Decoration Cute Courtyard Decoration Save with exciting events,1
Viflosae,Viflosae Deals of the Day Clearance Prime Double Layer Candy And Dried Fruit Rotating Design Dessert Deals Flyer,1
Viflosae,Viflosae Deals Flyer Ice Cream With Lid Popsicle Summer Ice Cream Prime Day Deals 2024 Canada,1
Viflosae,Viflosae Coffee Filter Cup Drip Cup Hand-brewed Coffee Cup Drip Filter Coffee Filter Cup For Hiking Camping Home Office Save 5% on household supplies,1
Viflosae,Viflosae Clearance Kitchen Pot And Seasoning Bottle Sea Pepper Powder Telescopic Seasoning Can Spoon Cover Integrated Deals on home,1
Viflosae,Viflosae Clearance Home Baking Bee Rice Cake Model Critter Cake Model for Indoor/Outdoor,1
Viflosae,Viflosae Clearance Cheese Cream Cake Cheese Cheese Shape Holiday Gift Finder,1
Viflosae,Viflosae Christmas Decoration Rattan Electroplating Wreath Wall Hanging 18.5 Inch Outdoor Home Doorway Stair Decoration Christmas Gift Clearance,1
Viflosae,Viflosae Cheese Cream Cake Cheese Cheese Shape Holiday Gift Finder,1
Viflosae,Viflosae 2pcs Stainless Steel Coiler Knife Cucumber Coiler Tool for Indoor/Outdoor,1
Viflosae,Up to 60% off Gifts Viflosae Household Round Fruit Snacks Sugar Biscuits Striped Fruit Melon Fruit Deals on household supplies,1
Viflosae,Up to 60% off Gifts Viflosae 2Pcs Plastic Fondant Cutter Cake Cupcake Tools Decorating Hottest Deals,1
Viflosae,Up to 60% off Gifts Viflosae 100pc Halloween Cookies Nougat Snowflake Crisp Fruit Bag Ghost Party Gift Ziplock Bag Goodie Bag Stationery on Rollback,1
Viflosae,Deals on electronics,1
Viflosae,0.5g Each Time WOW finds,1
Viflosae,0.5g Each Time Deals on household supplies,1
Vigo,227g,5
Vigo,226g,4
Vijs,12 Each,1
Villa Di Manno,675g,6
Villa Di Manno,300g,6
Villa Di Manno,620g,4
Villa Di Manno,750g,2
Villa Di Manno,567g,2
Villa Di Manno,540g,2
Villa Di Manno,1kg,2
Villa Di Manno,113g,2
Villa Di Manno,900g,1
Villa Di Manno,6x84.0g,1
Villa Di Manno,6x18.0g,1
Villa Di Manno,6x112.0g,1
Villa Di Manno,672g,1
Villa Di Manno,660g,1
Villa Di Manno,400g,1
Villa Di Manno,360g,1
Villa Di Manno,352g,1
Villa Di Manno,340g,1
Villa Di Manno,312g,1
Villa Di Manno,235g,1
Villa Di Manno,12x84.0g,1
Villa Di Manno,12x1.0ea,1
Villa Di Manno Bakery,300g,1
Villa Ravioli,400g,4
Villa Ravioli,700g,3
Villa Ravioli,500g,1
Villaggio,675g,13
Villaggio,550g,6
Villaggio,8un,4
Villaggio,6un,4
Villaggio,600g,3
Villaggio,300g,3
Villaggio,675?g,2
Villaggio,540g,2
Villaggio,Italian Style Classico Thick Slice White510g,1
Villaggio,8 Each,1
Villaggio,6 Each,1
Villaggio,570g,1
Villaggio,528g,1
Villaggio,480g,1
Villaggio,426g,1
Villaggio,208g,1
Villaggio,100% Whole Wheat Italian Style Thick Slice510g,1
Villas,400g,8
Villeray Pastry,220g,2
Villeray Pastry,6un,1
Villeray Pastry,450g,1
Villeray Pastry,250g,1
Vin (Zero),750 Millilitre,2
Vin(zero),750ml,1
Vincent Vari¨¦t¨¦,1un,2
Vincent Vari¨¦t¨¦,10un,1
Vinta,225g,2
Vinta,200g,2
Vinta,225 gr,1
Violet Crumble,170g,1
Violet Crumble,135g,1
Violife,200g,22
Violife,227g,3
Violife,Violife Mozzarella Style Shreds,1
Violife,Violife Cheddar Style Shreds,1
Violife,VIOLIFE VIOLIFE TEX MEX SHRD 200GM,1
Violife,VIOLIFE VEGAN MOZZA SHREDS 200g,1
Violife,VIOLIFE VEGAN CHEDDAR SHRED 200g,1
Violife,VIOLIFE TEX MEX SHRD,1
Virgil's,4x355.0ml,4
Vision Greens,142g,5
Vision Greens,1un,2
Visland,Visland 100Pcs Disposable Thick Squeeze Cream Cookie Icing Fondant Piping Bag Cake Decor,1
Visland,Visland 100 Pcs Tea Bags Fine Mesh Drawstring Closure Disposable Tea Filter Bag for Loose Leaf Tea And Coffee,1
Visland,Visland 1 Set Practical Heat-resistant Coffee Capsule Cup Reliable Leakproof Plastic Coffee Holder Capsule for Home,1
Vita,Vita Eggs Vegetarian Diet Large White Eggs,1
Vita,6 Each,1
Vita Coco,1l,15
Vita Coco,500ml,6
Vita Coco,12x330.0ml,1
Vita Coco,1 Litre,1
Vita Eggs,Vita Eggs Omega-3 Large White Eggs,1
Vita Eggs,Vita Eggs Free Run Large Eggs,1
Vita Sana,450g,18
Vita Sana,700ml,8
Vita Sana,1kg,4
Vita Sana,6x125ml,2
Vita Sana,500g,2
Vita Sana,225 grams,1
Vita Sana,1.5l,1
Vita Vigor,125g,4
Vita malt,330ml,2
VitaSana,500g,2
VitaSana,1kg,1
VitaVigor,125g,6
Vital,567g,1
Vital,350ml,1
Vital,284g,1
Vital,221g,1
Vital,170g,1
Vital,150g,1
Vitala,Vitala Free Run Omega-3 Large Eggs,1
Vitamalt,330ml,2
Vitamins and Sea beauty,504g,1
Vitasoy,6x250.0ml,3
Vitavigor,125g,1
Viva Puffs,300g,2
Vlasic,1l,13
Vlasic,500ml,5
Vlasic,No Garlic Baby Kosher Dill1 Litre,1
Vlasic,Kosher Dill1 Litre,1
Vlasic,Garlic Baby Kosher Dill1 Litre,1
Voortman,300g,48
Voortman,250g,20
Voortman,350g,6
Voortman,320g,6
Voortman,225g,6
Voortman,220g,6
Voortman,184g,6
Voortman,142g,6
Voortman,227g,3
Voortman,147g,3
Voortman,Swirl Cookies225g,2
Voortman,Mini Iced Oatmeal No Sugar Added142g,2
Voortman,Lemon300g,2
Voortman,Fudge Striped No Sugar Added320g,2
Voortman,Almond Crunch225g,2
Voortman,Vanilla300g,1
Voortman,Vanilla250g,1
Voortman,Strawberry300g,1
Voortman,Strawberry250g,1
Voortman,Strawberry Shortcake300g,1
Voortman,Raspberry Turnover300g,1
Voortman,Oatmeal225g,1
Voortman,Mini Vanilla No Sugar Added184g,1
Voortman,Chocolate300g,1
Voortman,Chocolate250g,1
Voortman,228g,1
Voss,800ml,2
Voss,500ml,1
V¨¦gane Mais Pas Plate,350g,2
WAFA,Sella Basmati rice,1
WAHAHA,Wahaha Strawberry Yogurt Drink,1
WAHAHA,Wahaha AD Soft Drink,1
WAHAHA,4 x 100ml,1
WHITE CLAW,12x355.0ml,1
WHOLLY GUACAMOLE,Wholly Avo Verde Salsa 284g,1
WHOLLY GUACAMOLE,Spicy Pico Guacamole Dip Hot 284g,1
WHOLLY GUACAMOLE,Classic Guacamole Bowl 213g,1
WHOLLY GUACAMOLE,4.57g,1
WJSXC,WJSXC Three-dimensional Easter with Pattern Dinosaur Chocolate,1
WOWBUTTER,500g,2
WREESH,WREESH Easter Lovely Rabbit Tea Bag Hanging Fixed Tea Bag Fixed Tea Bag Tea Cup Wall Decoration Rabbit Differentiator Clearance,1
WW,450g,1
WW,248g,1
WW (Wellness that Works),WW? 100% Whole Wheat Tortillas,1
WW (Wellness that Works),Pack of 8; 248g,1
Wafu,290ml,4
Wafu,250ml,4
Wafu,290 Millilitre,1
Wagaya,340ml,1
Wagh Bakri,907g,2
Wagh Bakri,200g,1
WaghBakri,Wagh Bakri Tea Instant Masala 3-in-1 140g,1
WaghBakri,Wagh Bakri Tea Instant Ginger 3-in-1 140g,1
WaghBakri,Wagh Bakri Tea Instant Cardamom 3-in-1 140g,1
WaghBakri,WAGH BAKRI PREMIUM BLACK TEA BAG 200G (100s),1
WaghBakri,907 gm,1
WaghBakri,200gm / 100 tea bags,1
Wagon Wheels,315g,1
Wagon Wheels,18 packs,1
Wagyu,60g,2
Wahaha,4x400.0ml,2
Wahaha,400ml,1
Wai Wai,500g,1
WakeWater,355ml,3
WakeWater,355 Millilitre,2
Wakewater,355ml,3
Wakewater,4x355.0ml,1
Walcovit,375g,1
Walden Farms,355ml,29
Walden Farms,340g,29
Walden Farms,355g,2
Walden Farms,"you can rest assured that you¡¯re not wasting calories!
Natural",1
,,
Walden Farms,white vinegar and other concentrated natural flavors. Don¡¯t deny yourself the,1
Walden Farms,"it adds a kick to any meal or snack. Made with apple cider vinegar and organic white vinegar. let this be the secret ingredient in wraps and apps at your next party.
Del",1
,,
Walden Farms,"Walden Farms Chocolate Syrup is the new classic. Stock up for whenever cravings strike and drizzle over ice cream or make a shake!
Syrupy Goodness ¨C This natural?chocolate syrup is packed wit",1
,,
Walden Farms,Walden Farms - Calorie Free Pancake Syrup - 12 fl. oz.,1
Walden Farms,SYRUP CHOCOLATE,1
Walden Farms,MAYONNAISE,1
Walden Farms,E-ALTRA SYRUP PANCAKE,1
Walden Farms,E-ALTRA MAYONNAISE,1
Walden Farms,E-ALTRA MAYO CHIPOTLE,1
Walini,45g,8
Walkers,150g,12
Walkers,125g,7
Walkers,140g,5
Walkers,135g,3
Walkers,280g,2
Walkers,spicy flavour of finest Australian stem ginger makes a delectable treat with tea or coffee,1
Walkers,Walkers Milk Chocolate Eclairs 150g,1
Walkers,350g,1
Walkers,150GR,1
Walkers,135 GR,1
Walkerswood,Walkerswood Spicy Jamaican Marinade Jerk,1
Walkerswood,WW Jerk Marinade,1
Walkerswood,280g,1
Walls,6 x 60ml Milk Tea & Boba Pearls,1
Walls,1.41L Light Ice Cream,1
Walter,946ml,5
Walter,140g,1
Wangsaura,Solid Color Waterproof Zipper Closure Closure Adjustable Wide Mesh Straps Wild Fashion Outdoor Bag,1
Wangscanis,DIY Stretched Plastic Pop Sensory Toy,1
Wannabeez,1.135kg,2
Wannabeez,Wannabeez? Peppers 2.5lb Polybag,1
Want Want,160g,3
Want Want,92g,2
Want Want,6x245.0ml,2
Want Want,520g,2
Want Want,400g,2
Want Want,122g,2
Want Want,WW RICE CRACKER SHELLY SENBEI,1
Want Want,WANT WANT SENBEI RICE CRACKER,1
Want Want,Rice cracker Original10x160g,1
Want Want,Rice Crackers Chicken Flavour,1
Want Want,308g,1
Want Want,245ml x 6 cans,1
Want Want,150 g Shelly Senbei Rice Crackers,1
Want Want,100g | Multiple Flavours,1
Want-Want,100g,3
Want-Want,TMM Wafer Sticks Banana & Strawberry,1
Want-Want,MM Snax Chickpea Crisps Cheese,1
Want-Want,MM Snax Chickpea Crisps Apple Cinnamon,1
Warheads,36g,2
Warheads,WarHeads,1
Warheads,355 Millilitre,1
Warheads,3 Each,1
Warheads,144g,1
Wasa,275g,5
Wasa,270g,3
Wasa,Light Rye270g,2
Wasa,Sourdough Rye275g,1
Wasa,Multigrain275g,1
Wasa,Hearty Rye275g,1
Wasa,230g,1
Waterbridge,400g,9
Waterbridge,200g,3
Waterbridge,WB WINE GUMS,1
Waterbridge,WB SOUR TOTS,1
Waterbridge,WB JUST MALLOWS,1
Waterbridge,THE MIX SOUR,1
Waterbridge,PRETZEL BAR,1
Waterbridge,E-WATERBRIDGE WB SOUR BITES,1
Waterbridge,400g chocolate bar,1
Waterbridge,300g,1
Waterloo,473ml,1
Waterview Market,454g,3
Waterview Market,300g,2
Waterview Market,500g,1
Waterview Market,480g,1
Watkins,59ml,7
Watkins,Watkins Madagascar Bourbon Pure Vanilla Extract - 1 Each - 2 Fz,1
Watkins,WATKINS WAT RB DEC SPRINK,1
Watkins,WATKINS WAT AST FOOD COL 4PK,1
Watkins,80g,1
Watkins,79g,1
Watkins,75g,1
Watkins,71g,1
Watkins,56g,1
Watkins,29ml,1
Watkins,150g,1
Watkins,123g,1
Watson,Watson Frozen Fish Ball-Small Bag,2
Watson,watson salted duck egg,1
Watson,Watson Frozen Shrimp Dumpling Ball-Small Bag,1
Watson,Watson Frozen Shrimp Ball-Small Bag,1
Watson,Watson AC Frozen Steamed Rice Roll with Prawns,1
Watson,Watson AC Frozen Shrimp Har Gow,1
Watson Ridge,800g FC Watson Ridge Popcorn Chicken,1
Watson Ridge,800g FC Watson Ridge Chicken Strips,1
Watson Ridge,800g FC Watson Ridge Chicken Nugget,1
Watson Ridge,800g FC Watson Ridge Chicken Burger,1
Watson Ridge,800g FC Watson Ridge Chicken Balls,1
Watson Ridge,800g,1
Watson Ridge,17% meat protein,1
Watson Ridge BBQ Chicken,BBQ,1
Wawel,100g,3
Wawel,245g,1
Way to celebrate!,12 count Valentine Cards,4
We Guac,227g,3
Webber Naturals,120ea,3
Webber Naturals,45ea,2
Webber Naturals,180ea,2
Webber Naturals,90ea,1
Webber Naturals,75ea,1
Webber Naturals,110ea,1
Weber,191g,2
Weber,184g,2
Weber,159g,2
Weber,122g,2
Weber,156g,1
Webers,612g,1
Wedderspoon,250g,1
Wednesday Cereal 227Gx10,Wednesday Cereal 227Gx10,1
Weetabix,400g,5
Weetabix,650g,1
Weight Watchers,450g,12
Weight Watchers,378g,2
Weight Watchers,8un,1
Weiss,200g,1
Weiss,150g,1
Welch's,22g,4
Welch's,220g,2
Welch's,Welch¡¯s? Fruit Snacks MF 10ct,1
Welch's,Welch¡¯s Premium Juice Ice Bars Family Pack - 32 x 40ml,1
Welch's,Natural flavours and colours,1
Welch's,630g,1
Welch's,45 Each,1
Welch's,28 count Mixed Fruit Fruit Snacks,1
Welch's,28 count Berries 'n Cherries Fruit Snacks,1
Welch's,27 x 150ml,1
Welch's,12x40ml,1
Welch's,12 x 40ml,1
Welchs,616g,2
Welchs,Mixed Fruit1 Each,1
Welchs,Berry Blas1 Each,1
Welchs,220g,1
Weleda,8ml,1
Weleda,200ml,1
Well,333ml,14
Well,60ml,1
Well,333 Millilitre,1
Well Ink,333 Millilitre,1
Well Ink.,333 Millilitre,1
Well Juicery,333 Millilitre,3
Well Juicery,60 Millilitre,2
Wellness Bites,120g,4
Wells,500ml,1
Wendel's,540g,2
Wendel's,10 Each,2
Wendel's,600g,1
Wendel's,6 Each,1
Wendel's,525g,1
Wendel's,225g,1
Wendels,675g,2
Wendels,4 Each,2
Wendels,600g,1
Wendels,475g,1
Wendels,10 Each,1
Wernli,100g,3
Werther's,245g,2
Werther's,135g,2
Werther's,128g,2
Werther's,900g,1
Werther's,70g,1
Werther's,250g,1
Werther's,230g,1
Werther's Original,135g,8
Werther's Original,116g,8
Werther's Original,128g,7
Werther's Original,60g,6
Werther's Original,350g,4
Werther's Original,170g,4
Werther's Original,900g,2
Werther's Original,70g,2
Werther's Original,300g,1
Werther's Original,3 x 50g,1
Werther's Original,245g,1
Werther's Original,200g,1
Werthers,250g,2
Werthers,116g,2
Werthers,200g,1
West Biking,Under Quick Bike Saddle Tube,1
West Biking,Quick Bike Saddle Tube Waterproof Under,1
West Coast Wild Foods,14g,5
West Coast Wild Foods,GoldenFresh84g,1
West Coast Wild Foods,Dried14g,1
Western Canadian,500g,4
Western Canadian,1kg,4
Western Canadian,1 Each,4
Western Canadian,800g,3
Western Canadian,454g,3
Western Canadian,440g,3
Western Canadian,350g,3
Western Canadian,1.5kg,3
Western Canadian,1 Pound,3
Western Canadian,460g,2
Western Canadian,4.5kg,2
Western Canadian,375g,2
Western Canadian,366g,2
Western Canadian,1.2kg,2
Western Canadian,fresh450g,1
Western Canadian,SlicedFresh250g,1
Western Canadian,Skin OnFresh700g,1
Western Canadian,Shank End1.5kg,1
Western Canadian,Rib End500g,1
Western Canadian,Fresh800g,1
Western Canadian,Fresh680g,1
Western Canadian,Fresh675g,1
Western Canadian,Fresh550g,1
Western Canadian,Fresh454g,1
Western Canadian,Fresh365g,1
Western Canadian,Fresh350g,1
Western Canadian,Fresh285g,1
Western Canadian,Fresh1.7kg,1
Western Canadian,Fresh1 Each,1
Western Canadian,Fine Grind1.36kg,1
Western Canadian,Family Pack950g,1
Western Canadian,Extra Lean422g,1
Western Canadian,Boneless2kg,1
Western Canadian,Boneless Skinless525g,1
Western Canadian,Boneless Fast Fry450g,1
Western Canadian,984g,1
Western Canadian,900g,1
Western Canadian,850g,1
Western Canadian,840g,1
Western Canadian,750g,1
Western Canadian,650g,1
Western Canadian,600g,1
Western Canadian,540g,1
Western Canadian,529g,1
Western Canadian,515g,1
Western Canadian,469g,1
Western Canadian,410g,1
Western Canadian,300g,1
Western Canadian,2kg,1
Western Canadian,260g,1
Western Canadian,2.4kg,1
Western Canadian,2.3kg,1
Western Canadian,1.9kg,1
Western Canadian,1.8kg,1
Western Canadian,1.7kg,1
Western Canadian,1.6kg,1
Western Canadian,1.56kg,1
Western Canadian,1.47kg,1
Western Canadian,1.46kg,1
Western Canadian,1.1kg,1
Western Canadian,1.19kg,1
Western Canadian,0.93kg,1
Western Canadian,",Family Pack1kg",1
Western Family,500g,50
Western Family,398 Millilitre,50
Western Family,300g,46
Western Family,12 Each,42
Western Family,454g,33
Western Family,400g,33
Western Family,600g,31
Western Family,100g,30
Western Family,6 Each,28
Western Family,250g,28
Western Family,200g,27
Western Family,500 Millilitre,25
Western Family,1kg,24
Western Family,907g,22
Western Family,1.65 Litre,22
Western Family,750g,21
Western Family,340g,21
Western Family,1 Litre,21
Western Family,1 Each,21
Western Family,540 Millilitre,19
Western Family,4 Each,19
Western Family,375g,17
Western Family,2kg,17
Western Family,680g,16
Western Family,227g,16
Western Family,900g,15
Western Family,375 Millilitre,14
Western Family,284 Millilitre,14
Western Family,85g,13
Western Family,450g,13
Western Family,908g,12
Western Family,8 Each,12
Western Family,225g,12
Western Family,170g,12
Western Family,180g,11
Western Family,1.89 Litre,11
Western Family,946 Millilitre,9
Western Family,475 Millilitre,9
Western Family,355 Millilitre,9
Western Family,350g,9
Western Family,115g,9
Western Family,Grab N'Go600g,8
Western Family,800g,8
Western Family,320g,8
Western Family,300 Millilitre,8
Western Family,255g,8
Western Family,250 Millilitre,8
Western Family,24 Each,8
Western Family,20g,8
Western Family,140g,8
Western Family,796 Millilitre,7
Western Family,240g,7
Western Family,120g,7
Western Family,1.54 Litre,7
Western Family,400 Millilitre,6
Western Family,4 Litre,6
Western Family,360g,6
Western Family,3 Each,6
Western Family,175g,6
Western Family,142g,6
Western Family,850g,5
Western Family,700g,5
Western Family,650g,5
Western Family,480 Millilitre,5
Western Family,354 Millilitre,5
Western Family,350 Millilitre,5
Western Family,156g,5
Western Family,155g,5
Western Family,1.81kg,5
Western Family,Unsweetened200 Millilitre,4
Western Family,Grab N'Go550g,4
Western Family,Grab N'Go500g,4
Western Family,700 Millilitre,4
Western Family,5 Each,4
Western Family,425 Millilitre,4
Western Family,3kg,4
Western Family,325 Millilitre,4
Western Family,227 Millilitre,4
Western Family,200 Millilitre,4
Western Family,20 Each,4
Western Family,16 Each,4
Western Family,145g,4
Western Family,100 Each,4
Western Family,10 Each,4
Western Family,1.5kg,4
Western Family,0% M.F.500g,4
Western Family,Fresh600g,3
Western Family,Fresh300 Millilitre,3
Western Family,Fresh20g,3
Western Family,Dark Roast340g,3
Western Family,890 Millilitre,3
Western Family,72 Each,3
Western Family,650 Millilitre,3
Western Family,610g,3
Western Family,568g,3
Western Family,550g,3
Western Family,48 Millilitre,3
Western Family,430 Millilitre,3
Western Family,341 Millilitre,3
Western Family,3 Litre,3
Western Family,283g,3
Western Family,260g,3
Western Family,240 Millilitre,3
Western Family,216g,3
Western Family,213 Millilitre,3
Western Family,2.5kg,3
Western Family,2 Litre,3
Western Family,18 Each,3
Western Family,105g,3
Western Family,1.75kg,3
Western Family,Squeezable750 Millilitre,2
Western Family,Sliced570g,2
Western Family,Skipjack in Water170g,2
Western Family,No Stir340g,2
Western Family,Medium Roast12 Each,2
Western Family,Grab N'Go475g,2
Western Family,Grab N'Go240g,2
Western Family,Fresh700g,2
Western Family,Fresh300g,2
Western Family,97g,2
Western Family,775g,2
Western Family,750 Millilitre,2
Western Family,710 Millilitre,2
Western Family,680 Millilitre,2
Western Family,675g,2
Western Family,665g,2
Western Family,640g,2
Western Family,5kg,2
Western Family,510g,2
Western Family,453g,2
Western Family,450 Millilitre,2
Western Family,425g,2
Western Family,410 Millilitre,2
Western Family,397g,2
Western Family,35g,2
Western Family,355ml12 Each,2
Western Family,348 Millilitre,2
Western Family,30 Each,2
Western Family,290 Millilitre,2
Western Family,284g,2
Western Family,264g,2
Western Family,228g,2
Western Family,220g,2
Western Family,213g,2
Western Family,200 Each,2
Western Family,2.27kg,2
Western Family,2.25kg,2
Western Family,2% M.F.4 Each,2
Western Family,2% M.F.1.36kg,2
Western Family,172g,2
Western Family,141g,2
Western Family,113g,2
Western Family,110g,2
Western Family,1.42 Litre,2
Western Family,1.36 Litre,2
Western Family,1.3% M.F.650g,2
Western Family,0% M.F.4 Each,2
Western Family,Yellow RoundGrab N'Go500g,1
Western Family,White Truffle & Sea Salt200g,1
Western Family,West Coast Style100g,1
Western Family,Very Dark375 Millilitre,1
Western Family,Vegetable Flavour85g,1
Western Family,Vanilla4 Each,1
Western Family,Vanilla & Black Pepper150g,1
Western Family,Unsweetened6 Each,1
Western Family,Unsweetened340g,1
Western Family,Unsweetened1 Litre,1
Western Family,Unbleached5kg,1
Western Family,Unbleached2.5kg,1
Western Family,Tuscan Style375g,1
Western Family,Trecce Dellorto454g,1
Western Family,Teriyaki80g,1
Western Family,Tapioca4 Each,1
Western Family,Swiss220g,1
Western Family,Sweet Chili & Sour Cream Flavoured200g,1
Western Family,Sweet & SaltyGrab N'Go660g,1
Western Family,Strawberry Watermelon48 Millilitre,1
Western Family,Spicy Dill Pickle Flavoured200g,1
Western Family,Sour Cream & Onion235g,1
Western Family,Sliced398 Millilitre,1
Western Family,Skipjack in Water100g,1
Western Family,Shank Portion2.9kg,1
Western Family,Seasoned600g,1
Western Family,Sea SaltGrab N'Go350g,1
Western Family,Sea Salt Malt Vinegar Flavoured200g,1
Western Family,Sandwich Sliced - Bread & Butter500 Millilitre,1
Western Family,Salt & Vinegar235g,1
Western Family,Ranch100g,1
Western Family,Puffed Wheat400g,1
Western Family,Premium Thick908g,1
Western Family,Premium Ham Bone1 Each,1
Western Family,Pitted Medium398 Millilitre,1
Western Family,Pineapple Splash355 Millilitre,1
Western Family,Pieces & Stems284 Millilitre,1
Western Family,Pieces & Stems12 Each,1
Western Family,Pesto Large8 Each,1
Western Family,Peeled & Deveined340g,1
Western Family,Peach Perfect355 Millilitre,1
Western Family,Parmesan6 Each,1
Western Family,Parmesan175g,1
Western Family,Original80g,1
Western Family,Original680 Millilitre,1
Western Family,Original200g,1
Western Family,Orange48 Millilitre,1
Western Family,Old Cheddar240g,1
Western Family,No Sugar Added1.65 Litre,1
Western Family,No Stir1kg,1
Western Family,Naturally Smoked Bacon375g,1
Western Family,Natural Real227g,1
Western Family,Mushroom Recipe700 Millilitre,1
Western Family,Mushroom & Bacon Flatbread370g,1
Western Family,Mozzarella220g,1
Western Family,Monterey220g,1
Western Family,Molasses & Pork398 Millilitre,1
Western Family,Mild Italian Style375g,1
Western Family,Mild Cheddar244g,1
Western Family,Mesquite BBQ Flavoured200g,1
Western Family,Medium Roast793g,1
Western Family,Medium Roast340g,1
Western Family,Margherita330g,1
Western Family,Linguine900g,1
Western Family,Limited Edition1.89 Litre,1
Western Family,Lightly Salted235g,1
Western Family,Light500g,1
Western Family,Light475 Millilitre,1
Western Family,Light250g,1
Western Family,Light Squeezable750 Millilitre,1
Western Family,Light Butter Flavour3 Each,1
Western Family,Less Sugar Cherry Berry200 Millilitre,1
Western Family,Less Sugar Berry Lemon200 Millilitre,1
Western Family,Large8 Each,1
Western Family,Kona BlendGrab N'Go900g,1
Western Family,Kona BlendGrab N'Go850g,1
Western Family,Just in Lime355 Millilitre,1
Western Family,Just in Lime 355ml Cans12 Each,1
Western Family,Jalapeno & Cheddar Flavoured200g,1
Western Family,Hot Italian Style375g,1
Western Family,Honey Nut Toasted Oats685g,1
Western Family,Havarti220g,1
Western Family,Ham & Swiss Cheese6 Each,1
Western Family,Greek200g,1
Western Family,Grapefruit Sparkle 355ml Cans12 Each,1
Western Family,Grab N'Go650g,1
Western Family,Grab N'Go450g,1
Western Family,Grab N'Go425g,1
Western Family,Grab N'Go400g,1
Western Family,Ginger & Sesame85g,1
Western Family,Garlic & Herb340g,1
Western Family,Frozen600g,1
Western Family,Fresh350g,1
Western Family,Fresh28g,1
Western Family,Fresh10kg,1
Western Family,French VanillaGrab N'Go900g,1
Western Family,French RoastGrab N'Go800g,1
Western Family,French Roast800g,1
Western Family,Four Cheese680 Millilitre,1
Western Family,Farfalle Tricolor454g,1
Western Family,Fancy750g,1
Western Family,Extra Virgin Olive Oil85g,1
Western Family,Extra Hot250 Millilitre,1
Western Family,Drop The Berry Pomegranate48 Millilitre,1
Western Family,Dino Bone1 Each,1
Western Family,Dill Pickle235g,1
Western Family,Dark375 Millilitre,1
Western Family,Dark Roast908g,1
Western Family,Dark Roast12 Each,1
Western Family,Cranberry1.89 Litre,1
Western Family,Cranberry & Seed150g,1
Western Family,Complete905g,1
Western Family,Colombian SupremoGrab N'Go900g,1
Western Family,Colombian SupremoGrab N'Go850g,1
Western Family,Chocolate4 Each,1
Western Family,ChickenRice & Vegetable540 Millilitre,1
Western Family,Chicken18 Each,1
Western Family,Chicken Flavour64g,1
Western Family,Cheese & Garlic145g,1
Western Family,Canada Eh!Grab N'Go900g,1
Western Family,Caesar145g,1
Western Family,Butterscotch4 Each,1
Western Family,Buttermilk Complete905g,1
Western Family,Butter Flavour3 Each,1
Western Family,Broccoli & Spinach907g,1
Western Family,Broccoli & Cheese6 Each,1
Western Family,Bread & Butter500 Millilitre,1
Western Family,Bread & Butter1 Litre,1
Western Family,Bottled500 Millilitre,1
Western Family,Boneless3kg,1
Western Family,Block600g,1
Western Family,Blackberry Sparkle 355ml Cans12 Each,1
Western Family,Beef Ribs3 Each,1
Western Family,Beef Lung114g,1
Western Family,Beef Knee Cap1 Each,1
Western Family,Beef Chew Sticks6 Each,1
Western Family,Beef & Cheese4 Each,1
Western Family,Bacon & Caramelized Onion Flatbread373g,1
Western Family,BBQ235g,1
Western Family,Assorted12 Each,1
Western Family,Arcobealeno454g,1
Western Family,Apple Fieldberry Unsweetened6 Each,1
Western Family,Almonds & Cashews275g,1
Western Family,Almond & Rosemary150g,1
Western Family,All Dressed235g,1
Western Family,Aged250 Millilitre,1
Western Family,After Dinner Mint1.65 Litre,1
Western Family,98g,1
Western Family,94% Fat Free Butter Flavour3 Each,1
Western Family,9% M.F.500g,1
Western Family,8kg,1
Western Family,875g,1
Western Family,870g,1
Western Family,852g,1
Western Family,80 Each,1
Western Family,78g,1
Western Family,75g,1
Western Family,740g,1
Western Family,72g,1
Western Family,725g,1
Western Family,708g,1
Western Family,660 Millilitre,1
Western Family,64g,1
Western Family,630g,1
Western Family,62g,1
Western Family,620g,1
Western Family,620 Millilitre,1
Western Family,595g,1
Western Family,580g,1
Western Family,570g,1
Western Family,540g,1
Western Family,540 Milligram,1
Western Family,511g,1
Western Family,486g,1
Western Family,47g,1
Western Family,473 Millilitre,1
Western Family,460g,1
Western Family,455 Millilitre,1
Western Family,445 Millilitre,1
Western Family,42g,1
Western Family,427g,1
Western Family,420g,1
Western Family,418g,1
Western Family,415g,1
Western Family,40g,1
Western Family,405g,1
Western Family,40% Cashews300g,1
Western Family,4.54kg,1
Western Family,4 Cheese228g,1
Western Family,390g,1
Western Family,385g,1
Western Family,380g,1
Western Family,37g,1
Western Family,376g,1
Western Family,370g,1
Western Family,365g,1
Western Family,355ml Can1 Each,1
Western Family,344g,1
Western Family,340 Millilitre,1
Western Family,334g,1
Western Family,32g,1
Western Family,325g,1
Western Family,314g,1
Western Family,3.78 Litre,1
Western Family,3.18kg,1
Western Family,2L Bottle1 Each,1
Western Family,297g,1
Western Family,292g,1
Western Family,280g,1
Western Family,28 Each,1
Western Family,270g,1
Western Family,269g,1
Western Family,262g,1
Western Family,260 Each,1
Western Family,252g,1
Western Family,245g,1
Western Family,235g,1
Western Family,230g,1
Western Family,22g,1
Western Family,226g,1
Western Family,226 Millilitre,1
Western Family,225 Millilitre,1
Western Family,2.9kg,1
Western Family,2.5 Litre,1
Western Family,2.26kg,1
Western Family,2% M.F.500g,1
Western Family,2 Each,1
Western Family,187g,1
Western Family,186g,1
Western Family,184g,1
Western Family,170 Millilitre,1
Western Family,165g,1
Western Family,157g,1
Western Family,150g,1
Western Family,14g,1
Western Family,135g,1
Western Family,130g,1
Western Family,125g,1
Western Family,125 Millilitre,1
Western Family,11.35 Litre,1
Western Family,10kg,1
Western Family,106g,1
Western Family,"100% Juice Blend,1.89 Litre",1
Western Family,100% Italian750 Millilitre,1
Western Family,100 Millilitre,1
Western Family,1.5 Litre,1
Western Family,1.43kg,1
Western Family,1.36kg,1
Western Family,1.2kg,1
Western Family,1.03kg,1
Western Family,1.02kg,1
Western Family,1 Pound,1
Western Family,",228g",1
Weston,675g,3
Wheat Thins,180g,12
Wheat Thins,350g,5
Wheat Thins,175g,5
Wheat Thins,200g,4
Wheat Thins,40% Less Fat than Original180g,1
Wheatgrass,Fresh1 Each,1
Whippet,285g,3
Whippet,250g,3
Whippet,230g,1
Whippet,230 gr,1
Whisps,60g,3
Whisps,A tasty snack made from 100% cheese,1
Whisps Parmesan Cheese Crisps,A tasty snack made from 100% cheese,1
Whistler,500ml,1
Whistler,4l,1
Whistler,4 Litre,1
Whistler,1l,1
Whistler,1.5l,1
Whistler,1.5 Litre,1
White Castle,300g,4
White Castle,WHITE CASTLE BUTTER COOKIES,1
White Castle,454g,1
White King,White King Puto Mix 400g,1
White King,White King Bibingka,1
White King,500g,1
White King,400g,1
White Rabbit,180g,3
White Rabbit,200g,1
White Rabbit,150g,1
White Rock,1l,15
White Valley,500g,1
White Valley,454g,1
Whiteways,300ml,1
Whittaker's,200g,8
Whittaker's,220g,1
Whittakers,200g,3
Whittakers,250g,2
Whittakers,220g,2
Whole Alternatives,3 bags,1
Whole Alternatives,255g,1
Whole Earth Sweetener Co.,48ml,1
Whole Earth Sweetener Co.,40un,1
Whole Earth Sweetener Co.,340g,1
Whole Earth Sweetner Co.,80ea,2
Whole Earth Sweetner Co.,48ml,2
Whole Earth Sweetner Co.,340g,2
Whole Earth Sweetner Co.,235g,2
Wholesome,454g,2
Wholesome,480ml,1
Wholesome,240ml,1
Wholesome Sweeteners,680g,3
Wholesome Sweeteners,454g,2
Wholesome Sweeteners,900ml,1
Wholesome Sweeteners,681g,1
Wholesome Sweeteners,480ml,1
Wholesome Sweeteners,472ml,1
Wholesome Sweetners,454g,1
Wholly,212g,2
Wholly,4 Each,1
Wholly Guacamole,213g,3
Wholly Guacamole,227g,2
Wholly Veggie,375g,3
Wholly Veggie,283g,3
Wholly Veggie,250g,2
Wholly Veggie,coated in a panko crumb and lighly baked until golden brown. Comes with a miso inspired Japanese BBQ sauce to drizzle on the wings or use as a dipping sauce,1
Wholly Veggie,Gluten free cauliflower,1
Wholly Veggie,325g,1
Wholly Veggie!,375g,1
Wholly Wholesome,425g,1
Whoppers,270g,1
Wibisco,100g,2
Wild Coho Fillets,100g,1
Wild Planet,142g,2
Wild Planet,125g,1
Wildbrine,500ml,2
Wildly Delicious,185ml,5
Wildly Delicious,350ml,4
Wildly Delicious,430ml,3
Wildly Delicious,150g,2
Wiley Wallaby,184g,2
Willi Food,70g,4
Willi Food,Ramen Noodles Vegetable,1
Willi Food,Ramen Noodles Spicy Chinese,1
Willi Food,Ramen Noodles Chicken,1
Willi food,70g,2
Wilton,99g,10
Wilton,120g,5
Wilton,4ea,4
Wilton,340g,4
Wilton,255g,4
Wilton,12ea,4
Wilton,1 oz,4
Wilton,1 Each,4
Wilton,75ea,3
Wilton,10ea,3
Wilton,75-Count,2
Wilton,6-Pieces,2
Wilton,50-Count,2
Wilton,40g,2
Wilton,4-Pieces,2
Wilton,32g,2
Wilton,30-Count,2
Wilton,297g,2
Wilton,25 Count,2
Wilton,220g,2
Wilton,1ea,2
Wilton,13in,2
Wilton,12 oz (340 g),2
Wilton,12 Each,2
Wilton,113g,2
Wilton,108g,2
Wilton,10-Pieces,2
Wilton,holds 13 treats,1
Wilton,Woodland Animals12 Each,1
Wilton,White255g,1
Wilton,White120g,1
Wilton,White Roses9g,1
Wilton,Treat Bags 10-Count,1
Wilton,Sea Life12 Each,1
Wilton,Royal Blue120g,1
Wilton,Red99g,1
Wilton,Red255g,1
Wilton,Red120g,1
Wilton,Rainbow150 Each,1
Wilton,Rainbow Foil72 Each,1
Wilton,Pink120g,1
Wilton,Pastel4 Each,1
Wilton,Pack of 75,1
Wilton,Mini Rainbow Daisy32 Each,1
Wilton,Magical Mix297g,1
Wilton,Kelly Green120g,1
Wilton,Green40g,1
Wilton,Green255g,1
Wilton,Gold Stars Sprinkles Pouch,1
Wilton,Gold Sanding Sugar40g,1
Wilton,FONDANT BLACK 24OZ,1
Wilton,Electric Melting Pot,1
Wilton,Cupcake12 Each,1
Wilton,Confetti Rainbow285g,1
Wilton,Bunny24 Each,1
Wilton,Blue99g,1
Wilton,Black99g,1
Wilton,Black120g,1
Wilton,Assorted Eyeball Box,1
Wilton,Assorted Box78g,1
Wilton,Adjustable height max 2 in,1
Wilton,9g,1
Wilton,9ea,1
Wilton,"9.8"" x 15.7""",1
Wilton,"9"" x 1""",1
Wilton,8-Piece Tool set,1
Wilton,8-Pack,1
Wilton,8 Count8 Each,1
Wilton,78g,1
Wilton,75-count,1
Wilton,72ea,1
Wilton,7.1 g (0.25 oz),1
Wilton,680g,1
Wilton,680 g (24 oz),1
Wilton,6.25 oz (177 g),1
Wilton,6-oz each,1
Wilton,50 Count Disposable Bags,1
Wilton,50 Count,1
Wilton,499g,1
Wilton,453g,1
Wilton,4-124g (4.4oz),1
Wilton,4 oz.,1
Wilton,4 Piece4 Each,1
Wilton,4 Count,1
Wilton,385g,1
Wilton,36ea,1
Wilton,33g,1
Wilton,314g,1
Wilton,300g,1
Wilton,3.5 oz (99 g),1
Wilton,3-Pieces,1
Wilton,3-Count,1
Wilton,28g,1
Wilton,285g,1
Wilton,284g,1
Wilton,24ea,1
Wilton,24-pieces,1
Wilton,24-oz (1.5lbs),1
Wilton,24-count,1
Wilton,22g,1
Wilton,225g,1
Wilton,22.8 cm (9 In),1
Wilton,22-Pieces,1
Wilton,21g,1
Wilton,215 g (7.58 oz),1
Wilton,20ea,1
Wilton,207g,1
Wilton,201g,1
Wilton,20-Pieces,1
Wilton,20-Inch,1
Wilton,2.4 oz,1
Wilton,192g,1
Wilton,186g,1
Wilton,186 g (6.56 oz),1
Wilton,18-pieces,1
Wilton,168g,1
Wilton,"16""",1
Wilton,16 oz (454 g),1
Wilton,152ml,1
Wilton,150ea,1
Wilton,150 Each,1
Wilton,15-Cavity,1
Wilton,141g,1
Wilton,14 oz.,1
Wilton,14 inch Decorating Bag,1
Wilton,13ea,1
Wilton,13-Inch,1
Wilton,12-pack,1
Wilton,12-Inch dia,1
Wilton,12-Inch,1
Wilton,12-Count,1
Wilton,10g,1
Wilton,100-count,1
Wilton,100-Count,1
Wilton,"10""",1
Wilton,1-Piece,1
Wilton,1 g),1
Wilton,1 Count,1
Windet Farms,1 Pound,1
Windmill Farms,340g,1
Windset Farms,SweetMixed Coloured908g,1
Windset Farms,3 Pound,1
Windsor,500g,10
Windsor,70g,7
Windsor,255g,7
Windsor,1.36kg,6
Windsor,34g,4
Windsor,311g,3
Windsor,1kg,3
Windsor,155g,3
Windsor,750g,2
Windsor,212g,2
Windsor,350g,1
Windsor,125g,1
Windsor,1 Each,1
Windsor Salt,500g,5
Windsor Salt,1.36kg,2
Windsor Salt,311g,1
Windsor Salt,1kg,1
Windsor Salt,155g,1
Wing's,400g,3
Wing's,454g,1
Wing's,1.4kg,1
Wings,500g,1
Winkler's,500g,1
Wise Bites,150g,4
Wissotzky,30g,11
Wissotzky,20un,11
Wissotzky,25un,9
Wissotzky,50g,8
Wissotzky,44g,4
Wissotzky,54g,3
Wissotzky,20ea,3
Wissotzky,25ea,2
Wissotzky,45g,1
Wissotzky,40g,1
Wissotzky,20kg,1
Wissotzky,150g,1
Wissotzky Tea,"?The refreshing pomegranate infusion possesses a special taste characterized by the merging of gentle sour and sweet tastes.
Kosher Parve For Passover and all year round OU-P
Box of 20 individually wrapped tea bags
in a co",1
,,
Wissotzky Tea,"warming ginger and zesty fresh lemongrass. A blend to truly savor.
Kosher Parve For Passover and all year round OU-P
Box of 20 individually wrapped tea bags
Store in airtight containe",1
,,
Wissotzky Tea,"this tea has an intriguing sweet and sour taste.
Kosher Parve For Passover and all year round OU-P
Box of 25 individually wrapped tea bags
in a cool place
Great for Iced T",1
,,
Wissotzky Tea,mixed with rose petals and exotic herbs such as cinnamon and coconut. Rose Chai has a unique rich aroma which captures the smells of the colorful markets of the Far East. Together with warm milk and sugar you can enjoy the mixture of wonderful fl,1
Wissotzky Tea,each teabag contains all-natural ingredients for an authentic and flavorful brew. Indulge in th,1
Wissotzky Tea,"delicate taste.
Chamomile is one of the best known herb infusions.
The chamomile plant has calming and soothing medicinal qualities. Chamomile infusion is used to relieve stomach aches and toothaches of babies and also helps adults by ",1
,,
Wissotzky Tea,"combined with Nana (spearmint leaves) this infusion gives that pleasant sense of vitality.
Kosher Parve For Passover and all year round OU-P
Box of 20 individually wrapped tea bags
",1
,,
Wissotzky Tea,and others. The wild fruits give an enchanted experience of voluptuous taste and aroma. In folk medicine blackberries are credited with playing a part i,1
Wissotzky Tea,Wissotzky Fruit Nana Tea 25 Bag (Pack of 6),1
Wissotzky Tea,"This is a refreshing infusion of cranberries which are known to help prevent and to treat infection of the urinary tract. The essence of the cranberries gives the infusion a delicate sourness and a deep red color.
Kosher Parve For Passover and all year round OU-P
Box ",1
,,
Wissotzky Tea,This is a blend of choice black tea perfumed with the fragrance of Bergamot. The bergamot is a citrus fruit and from its peel an aromatic oil is produced which provides the marvelous taste and aroma of Earl Grey Tea. The tea is named after the British Earl Charles Grey who was the first person to mi,1
Wissotzky Tea,"This Wissotzky tea contains vitamin C and has a lemon flavor which is naturally slightly sour.
Kosher
Made in?Israel
Box of 25 tea bags
* Kosher For Passover and All Year Round",1
,,
Wissotzky Tea,"The wild fruits give the tea a pleasant and unique sweetness. Passion fruit is known for promoting a relaxing sleep and for imparting a pleasant feeling throughout the day. The combination of passion fruit with green tea gives the drink an exotic taste and aroma.
Kosher Parve For",1
,,
Wissotzky Tea,"The mint leaves are good for the digestion and they add to the green tea a fresh and charming taste.?
Naturally flavored using all natural ingredients.
Kosher Parve For Passover and all year r",1
,,
Wissotzky Tea,"The mint gives the drink a pleasant vitality and facilitates the digestive process while the lemon adds a natural slight sourness as well as the delightful citrus taste and aroma.
Kosher Parve For Passover and all year round OU-P
Box of 20 individually wrapped tea bag",1
,,
Wissotzky Tea,"Nana (Spearmint) Tea This is a delicate blending of tea with mint leaves giving it a refreshing taste.
nana leaves
Kosher Parve For Passover and all year round OU-P
Box of 20 individually wrapped tea bags
Store in airtight c",1
,,
Wissotzky Tea,E-ALTRA WILDBERRY NEPKAR TEA,1
Wissotzky Tea,E-ALTRA ROSE CHAI TEA 20PK,1
Wissotzky Tea,E-ALTRA RASPBERRY TEA 25PK,1
Wissotzky Tea,E-ALTRA LEMON TEA W/NANA,1
Wissotzky Tea,E-ALTRA LEMON TEA 25PK,1
Wissotzky Tea,E-ALTRA GREEN TEA WITH NANA,1
Wissotzky Tea,E-ALTRA CRANBERRY TEA 20PK,1
Wissotzky Tea,E-ALTRA CHAMO TEA W/NANA,1
Wissotzky Tea,E-ALTRA BLACK W/NANA MINT,1
Wissotzky Tea,1.76 Oz,1
Wissotzky Tea,1.55 Oz,1
Wmool,Spiritual Salt With Sachet-Buddhist Spiritual Salt Pouch NecklacespiritualPouch,1
Wmool,"Magnetic Coffee Bean Dispenser Coffee Bean Storage Dispenser*4 Transpar,",1
Wolf,370g,4
Wolfast,Wolfast Four Compartments Seasoning Jar Compartment Multifunctional Seasoning Can of Spices Household Seasoning Combination Set Spice Can of Spices,1
Wolfgang Puck,Vanilla French ToastBulk1 Each,1
Wolfgang Puck,Rodeo DriveBulk1 Each,1
Wolfgang Puck,Jamaican Me CrazyBulk1 Each,1
Wolfgang Puck,Hawaiian HazelnutBulk1 Each,1
Wolfgang Puck,Breakfast in BedBulk1 Each,1
Wolfgang Puck,After Dark DecafBulk1 Each,1
Wolski,750ml,3
Wolski,500g,3
Wolski,796ml,2
Wolski,250ml,2
Wolski,250g,2
Wolski,750g,1
Wolski,540ml,1
Wolski,210ml,1
Wolski,190ml,1
Wolski,1.5l,1
Wonder,675g,26
Wonder,570g,7
Wonder,640g,6
Wonder,342g,5
Wonder,340g,4
Wonder,560g,3
Wonder,432g,3
Wonder,8x56.0g,2
Wonder,8x47.25g,2
Wonder,8x44.5g,2
Wonder,672g,2
Wonder,624g,2
Wonder,12 Each,2
Wonder,error,1
Wonder,8x60.0g,1
Wonder,504g,1
Wonder,480g,1
Wonder,448g,1
Wonder,412g,1
Wonder,408g,1
Wonder,384g,1
Wonder,20x35.0g,1
Wonder,10 Each,1
Wonder Lemon,250ml,2
Wonder Melon,250ml,3
Wonderful,155g,6
Wonderful,225g,4
Wonderful,200g,4
Wonderful,170g,4
Wonderful,450g,3
Wonderful,Sea Salt & VinegarNo Shells155g,1
Wonderful,Sea Salt & Vinegar Pistachios,1
Wonderful,Sea Salt & PepperNo Shell155g,1
Wonderful,Roasted and Salted Pistachios,1
Wonderful,Roasted & Salted Pistachios,1
Wonderful,Pistachios with no shells,1
Wonderful,One 155 g Resealable Bag of our Sea Salt & Pepper Wonderful Pistachios Without the Shell,1
Wonderful,No Shells155g,1
Wonderful,Lightly Salted450g,1
Wonderful,Lightly Salted Pistachios,1
Wonderful,Jalapeno LimeNo Shell155g,1
Wonderful,Honey Roasted Pistachios,1
Wonderful,Honey Roasted No Shell155g,1
Wonderful,Chilli Roasted Pistachios,1
Wonderful,Chili RoastedNo Shell155g,1
Wonderful,A good source of plant protein without the work,1
Wonderful Copenhagen,454g,1
Wondermelon,Juice Watermelon,1
Wong Wing,400g,8
Wong Wing,2 servings,8
Wong Wing,10 rolls,3
Wong Wing,500g,2
Wong Wing,486g,2
Wong Wing,454g,2
Wong Wing,424g,2
Wong Wing,More than 38 pieces,1
Wong Wing,Fried Pork Dumplings,1
Wong Wing,907g,1
Wong Wing,6 Vegetable Spring Rolls with sauce,1
Wong Wing,426ml,1
Wong Wing,360g,1
Wong Wing,10 Vegetable Egg rolls with sauce,1
Wong Wing,10 Meat Egg Rolls with sauce,1
Wong Wing,10 Chicken Egg Rolls with sauce,1
Wonka,142g,6
Wonka,141g,2
Wonka,51g,1
Wonton Crunch,320g,3
Woodman's,250ml,2
Woodman's,250 Millilitre,2
Woolwich,200g,7
Woolwich,1l,4
Woolwich,600g,3
Woolwich,339g,2
Woolwich,250g,2
Woolwich,113g,2
Woolwich,4l,1
Woolwich,300g,1
Woolwich,180g,1
Woolwich,175g,1
Woolwich Dairy,113g,5
Woolwich Dairy,1l,4
Woolwich Dairy,300g,2
Woolwich Dairy,170g,2
Woolwich Dairy,Wild Blueberry Vanilla113g,1
Woolwich Dairy,Sweet Pepper Heat113g,1
Woolwich Dairy,200g,1
Woolwich Dairy,180g,1
Woolwich Dairy,175g,1
Woolwich Dairy,165g,1
Woolwich Dairy Inc.,200g,1
Woonia,340g,1
Wooyang,400g,1
Workhe,Coffee Filter Stainless Steel Portafilter Mesh Coffee Machine Filter Screen 150¦Ìm Multi-layer Pressurized Filtering Accessory for Household Hotel 54mm,1
Wow Baking Company,227g,3
WowButter,500g,2
Wowbutter,500g,5
Wowbutter,1kg,2
Wrapitup,210g,1
Wright's,103ml,2
Wright's,Wright¡¯s Liquid Smoke Hickory,1
Wrigley,3x18un,1
Wrigley Doublemint,15 Sticks,2
Wrigley's,1ea,18
Wrigley's,77g,13
Wrigley's,1un,13
Wrigley's,34g,9
Wrigley's,12ea,9
Wrigley's,83g,8
Wrigley's,3ea,8
Wrigley's,80g,5
Wrigley's,60un,5
Wrigley's,3un,4
Wrigley's,94.49g,2
Wrigley's,75g,2
Wrigley's,4ea,2
Wrigley's,45ea,2
Wrigley's,160g,2
Wrigley's,15ea,2
Wrigley's,60 Pieces60 Each,1
Wrigley's,40un,1
Wrigley's,3 Each,1
Wrigley's,18 Pieces3 Each,1
Wrigley's,15un,1
Wrigley's,15 Each,1
Wu Hengbo,Coffee Bean Spray Bottle Anti Fly Powder and Static Superfine Spray Coffee Grinder Accessories Coffee Beans Dosing Cup Trays,1
Wu Mu,1815g,2
Wujiang,Pickled Mustard,1
Wuztai,Wuztai Deals 90% off Ice Cream Food Grade Home Children's Homemade Ice Cream Refrigerator Popsicle Popsicle Ice Cream Popsicle Clearance,1
Wuztai,Wuztai Clearance Double Layer Candy And Dried Fruit Rotating Design Dessert Deals 90% off,1
Wuztai,Wuztai Clearance Chopper Portable Vegetable Chopper 250ml 3 Blades USB Rechargeable Suitable For Ginger Chilli Vegetables Meat Spices Beans Etc Home Camping Travelling Deals 90% off,1
Wuztai,Wuztai Clearance 100pc Halloween Cookies Nougat Snowflake Crisp Fruit Bag Ghost Party Gift Ziplock Bag Goodie Bag Deals 90% off,1
Wycnly,wycnly Clearance Vegetable Flavored Spice Storage Box Seasoning Can Box Household Kitchen High-end Sichuan Pepper Seasoning Storage Box Sorting and Storage Christmas Gifts Deals up to 70% off,1
Wycnly,wycnly Clearance New Compartment Fruit with Lid Platter Household Candy Box Living Room Fruit Platter Snack Dried Fruit Box Christmas Gifts Canada Day Weekly flyer,1
Wycnly,wycnly Clearance Ice Cream With Lid Popsicle Summer Ice Cream Big Savings Christmas Gifts The Big Save Winter Savings,1
Wycnly,wycnly Clearance DIY Ice Cream Mould Home Make Popsicle Popsicle Easy Release Homemade Ice Cream Mould Ice Cream Sorbet Hottest Deals Christmas Gifts Clearance Up to 40% off,1
Wycnly,Powder Spreading Bot Christmas Gifts up to 70% off Hottest Deals,1
Wycnly,Clearance wycnly Four Compartments Seasoning Jar Compartment Multifunctional Seasoning Can of Spices Household Seasoning Combination Set Spice Can of Spices Christmas Gifts up to 90% off,1
Wycnly,Clearance wycnly Four Compartments Seasoning Jar Compartment Multifunctional Seasoning Can of Spices Household Seasoning Combination Set Spice Can of Spices Christmas Gifts Winter Savings,1
Wycnly,Clearance wycnly Four Compartments Seasoning Jar Compartment Multifunctional Seasoning Can of Spices Household Seasoning Combination Set Spice Can of Spices Christmas Gifts Clearance Sales,1
W?gyu,60g,2
XBRW,XBRW Women's Thickened Down Jacket Warm Winter Down Coat,1
XO Baking,538g,1
XO Baking,498g,1
XO Baking,481g,1
XO Baking,453g,1
XO Baking,292g,1
XO Baking Co,595g,1
XO Baking Co,453g,1
XO Baking Co.,552g,1
XO Baking Co.,538g,1
XO Baking Co.,481g,1
XO Baking Co.,292g,1
XWSHYW,XWSHYW Flash Deals Solid Wood Pepper Powder Grinder Black Pepper and Sichuan Pepper Ground Manual Grinder,1
XWSHYW,XWSHYW Flash Deals Sale Items Baking Powder Repair Powder Repair with Pearl Like Suitable for Skin tone and Blended with Skin tone 9G,1
XWSHYW,XWSHYW Flash Deals Of The Day Online Only Baking Powder Repair Powder Repair with Pearl Like Suitable for Skin tone and Blended with Skin tone 9G,1
XWSHYW,XWSHYW Flash Deals Of The Day Baking Powder Repair Powder Repair with Pearl Like Suitable for Skin tone and Blended with Skin tone 9G,1
XWSHYW,XWSHYW Flash Deals Clearance Whole Grains Rice Bucket Wall-Mounted Rice Storage Tank Out Rice,1
XWSHYW,Fiudx Flash Deals Sale Items Four-Compartment Snack Box,1
XZ Twinkle,30g,2
Xihbxyly,Xihbxyly Holiday Deals Household Round Fruit Snacks Sugar Biscuits Striped Fruit Melon Fruit,1
Xihbxyly,Xihbxyly Flash Deals Sale Items Cheese Cream Cake Cheese Cheese Shape,1
Xihbxyly,Xihbxyly Deals of The Week Ice Cream Stick Ice Ice Cream Diy Ice Cream,1
Ximing,Wedding Bridal Pearl White,1
Ximing,Wedding Bridal Pearl Pink,1
Ximing,Wedding Bridal,1
Ximing,Cake Decorating Baking S S,1
Ximing,Anti Skid Coffee Distributor Coffee Leveler 3 Angled Slopes Adjustable Palm 58mm Black,1
Xing Tea,60pcs Colorful Fake Candy Sweets Sugar Resin Slime Accessories for Fake Cake Dessert Slime Kit DIY,1
Xingzhi,Cubes White,1
Xingzhi,Cubes Purple,1
Xingzhi,Cubes Light Blue,1
Xuanheng,as described,1
Xuanheng,White Aolly Biscuit Miniature Decorative Gift with Cookies for 1/12 Scale Dollhouse,1
Xuanheng,Wall Hanging NWoven Gnome Decor Advent Red,1
Xuanheng,Reusable Coffee Pod 5g Capacity Refillable Filter Square Holes,1
Xuanheng,Kids Play animal,1
Xuanheng,Black Aolly Biscuit Miniature Decorative Gift with Cookies for 1/12 Scale Dollhouse,1
Xuanheng,37pcs Pretend Birthday Cake with Preschool Kids Decorating Cake Pink,1
Xuanheng,1pc Drinking Water Bag Bladder Outdoor Running Hiking Climbing Camping 1L 28x16cm,1
"Xueying trading co., ltd",Persimmon Ruyi Travel Tea Set Will Sell Gifts at Hand Insurance Company Gifts a Kung Fu Tea Set,1
Y & Y Brand,3x5g,3
Y & Y Brand,8kg,2
Y & Y Brand,454g,2
Y & Y Brand,540ml,1
Y&Y,454g,2
Y&Y,2kg,1
Y&Y,250g,1
Y&Y,2 Kg,1
Y&Y Brand,454g,1
Y&Y Brand,250g,1
Y&Y Decor,454g,2
Y&Y Decor,2kg,1
Y&Y Decor,250g,1
YFKFYTG,Silica Gel Tea Bag Tea Filter Silica Gel Tea Filter,1
YFKFYTG,Dispenser Snacks of Dispenser Portable Snacks Sweets 9.5 Ounces for Dispenser Snacks Less Than 0.7 Inch,1
YFKFYTG,Candy Box Nut Snack Organizer Melon Dried Fruit Tray with Lid Compartment Storage Box Nut and Dried Fruit Organizer Snack Tray for Kitchen and Parties,1
YILUSH,Silica gel Yilush,2
YILUSH,Plastic Yilush,1
YIZUBA,Stylish 3d Burger Pop Pinch Ball Silicone Push Its Bubble Balls,1
YIZUBA,Cup Drink Bottle Plastic Double Layer With Straw Summer Ice Cartoon Creative For Water Coffee,1
YIZUBA,6/9pcs Yummy Plush Cheesy Puffs Giant Stuffed Bag Of Plush Cheese Snacks Gift/9 Small Balls/,1
YIZUBA,2023-toy Little Doctor Doc Mcstuffins Muffin Little Girl Dinosaura,1
YORK,226g,1
YORK,136g; 8 units,1
YOUSIM,Reusable Popsicle Holder With Slotted Popsicle,1
YOUTHINK,V60 12x11.6x4 Cm / 4.7x4.6x1.6 In,1
YOUTHINK,Gloss Gold,1
YOUTHINK,DIY Fake Blood Easy To Apply Lifelike Appearance Food Coloring Water Party Fake Blood For Decoration,1
YOUTHINK,Coffee Color,1
YOUTHINK,50-2190,1
YUMY BEAR,50g,2
Yalcinkaya,200g,1
Yamasa,148ml,2
Yams,Organic3 Pound,1
Yams,Fresh400g,1
Yangxue002,Snacks or Ice Cream,1
Yannianjz,Clearance! Silica Gel Tea Bag Tea Filter Silica Gel Tea Filter Cheap Items Sales & Deals #23,1
Yannianjz,Clearance! Household ice cream DIY mixed color conjoined popsicle with lid Deal of Day Return Pallets #21,1
Yannianjz,Clearance! Easter Lovely Rabbit Tea Bag Hanging Fixed Tea Bag Fixed Tea Bag Tea Cup Wall Decoration Rabbit Differentiator Daily Deals of The Day Two Day Deals #02,1
Yannianjz,Clearance! Easter Lovely Rabbit Tea Bag Hanging Fixed Tea Bag Fixed Tea Bag Tea Cup Wall Decoration Rabbit Differentiator Daily Deals Clearance Lightning Deals Sales #05,1
Yannianjz,Clearance! Easter Lovely Rabbit Tea Bag Hanging Fixed Tea Bag Fixed Tea Bag Tea Cup Wall Decoration Rabbit Differentiator Clearance Sales Today¡¯S Deals #04,1
Yannianjz,Clearance! Coffee Cup Filter Screen Double-layer Portable Hand Brewed Coffee Folding Ear Filter Drip Coffee Coffee Cup Flash Deals of The Day Deal ofthe Day #09,1
Yannianjz,Clearance! Children's Donut Inflatable Stick Party Lollipop Decoration Props Cartoons Creatives Inflatable Stick Lighting Deals Return Pallet #09,1
Yannianjz,Clearance! Children's Donut Inflatable Stick Party Lollipop Decoration Props Cartoons Creatives Inflatable Stick Flash Deals Clearance Todays Deals In #20,1
Yannianjz,Clearance! Children's Donut Inflatable Stick Party Lollipop Decoration Props Cartoons Creatives Inflatable Stick Daily Deal Lightning Deals Sales #23,1
Yawdi,250ml,3
Yawdi's,250ml,1
Yeacher,Yeacher Unbleached Dripper Filter Cone Paper Coffee Filter V Shaped Coffee Filters Pour Over Filter,1
Yehuda,680g,5
Yehuda,Fish Gefilte Sweet (Pack of 12),1
Yehuda,454g,1
Yehuda,397g,1
Yehuda,300g,1
Yehuda,24-ounces (Pack of 4),1
Yeshi,350 Millilitre,3
Yeshi,100g,1
Yinanstore,Portable with Accessories Dimensions 15.7x9.5x2cm with Anti Leaking Silicone Seals Convenient Durable for Women Sturdy Yellow,1
Yinanstore,Portable with Accessories Dimensions 15.7x9.5x2cm with Anti Leaking Silicone Seals Convenient Durable for Women Sturdy Blue,1
Yinanstore,10PCS Black Fishing Rod Ceramic Fishing Pole Rods Repair,1
Ymiko,Yellow,1
Ymiko,Strong Applicability Coffee Grinder Disc Enhanced Cutting Ability Stainless Steel For Milk Tea Shop Six Star Cone,1
Ymiko,Strong Applicability Coffee Grinder Disc Enhanced Cutting Ability Stainless Steel For Milk Tea Shop Five Star Cone,1
Ymiko,Lowercase Letters,1
Ymiko,58.5mm / 2.3in,1
Ymiko,Filtering Effect Puck Screen For Kitchen 100¦Ìm,1
YoCrunch,2x143g,1
YoCrunch?,2 x 143g,1
YoFiit,946ml,4
Yoga,700ml,3
Yoga,6x125ml,3
Yoga,6x125.0ml,3
Yoga,3x200ml,3
Yoggu,450g,4
Yoggu,Mango450g,1
Yoggu!,450g,1
Yogi,16ea,5
Yogi,32g,3
Yogi,1ea,3
Yogi,16un,3
Yogi,29g,1
Yogi Tea,- 16 Count,4
Yogi Tea,Restful Sleep Herbal Tea - 16 Bags 32g,1
Yogi Tea,Caffeine-Free Herbal Tea Bags - 16 Count,1
Yogourmet,18g,2
Yongshan,Led Ultra Violet Uv 365/395 Nm Blacklight Flashlight Inspection Lamp Torch Detector,1
Yongshan,IWouldPreferNotTo.T-shirt,1
Yop by Yoplait,Yop by Yoplait Strawberry/Blueberry/Raspberry/Strawberry-Banana Drinkable Yogurt,1
Yop by Yoplait,12 x 200ml,1
Yoplait,200ml,56
Yoplait,630g,24
Yoplait,448g,18
Yoplait,8x56g,12
Yoplait,650g,8
Yoplait,16x100.0g,8
Yoplait,6x60.0g,7
Yoplait,6x60g,5
Yoplait,8x93.0ml,4
Yoplait,6x200ml,4
Yoplait,400g,4
Yoplait,16x100g,4
Yoplait,16 x 100g,3
Yoplait,6x200.0ml,2
Yoplait,16 Each,2
Yoplait,12x200ml,2
Yoplait,1.2l,2
Yoplait,YOP MINIGO 2MF FRSH CHS BL/ST/VN 6CT,1
Yoplait,Variety Pack12 Each,1
Yoplait,Strawberry200 Millilitre,1
Yoplait,Strawberry Flavour6 Each,1
Yoplait,Strawberry Banana200 Millilitre,1
Yoplait,Fruit Punch Yogurt448g,1
Yoplait,8x93ml,1
Yoplait,6 x 60g,1
Yoplait,2400ml,1
Yoplait,2400 Millilitre,1
Yoplait,12x200.0ml,1
York,200g,2
York,227g,1
Yorkshire,80un,2
Yorkshire,Yorkshire Red Tea Bag - 80s,1
Yorkshire,YORKSHIRE GOLD TEA BAG,1
Yorkshire,6 per tray,1
Yorkshire,3 per tray,1
Yorkshire,2 per tray,1
Yorkshire Tea,250g,3
Yorkshire Tea,80ea,1
Yorkshire Valley,,4
Yorkshire Valley,454g,1
Yorkshire Valley,400g,1
Yorkshire Valley,300g,1
Yorkshire Valley,12un,1
Yorkshire Valley Farms,1kg,10
Yorkshire Valley Farms,$13.21/1kg $5.99/1lb,3
Yorkshire Valley Farms,700g,2
Yorkshire Valley Farms,454g,2
Yorkshire Valley Farms,398ml,2
Yorkshire Valley Farms,0.678kg,2
Yorkshire Valley Farms,Organic Chicken Wings,1
Yorkshire Valley Farms,Organic Chicken Bites,1
Yorkshire Valley Farms,Organic Breaded Chicken Fillets,1
Yorkshire Valley Farms,Organic Boneless Skinless Chicken Breasts,1
Yorkshire Valley Farms,800g,1
Yorkshire Valley Farms,678g,1
Yorkshire Valley Farms,630g,1
Yorkshire Valley Farms,480g,1
Yorkshire Valley Farms,225g,1
Yorkshire Valley Farms,$28.64/1kg $12.99/1lb,1
Yorkshire Valley Farms,$25.33/1kg $11.49/1lb,1
Yorkshire Valley Farms,$24.89/1kg $11.29/1lb,1
Yorkshire Valley Farms,,1
Yoso,440g,7
Yoso,360g,2
Youjia,SWEET CHILI SAUCE FOR SHRIMP,1
Youjia,SWEET CHILI SAUCE,1
Youjia,STAR ANISE,1
Youjia,SICHUAN PEPPER POWDER,1
Youjia,SICHUAN PEPPER OIl,1
Youjia,SICHUAN PEPPER,1
Youjia,SAVORY SPICY SAUCE FOR CHICKEN,1
Youjia,SAUCE FOR BEEF STRIPS,1
Youjia,MAPO TOFU SAUCE,1
Youjia,GREEN SICHUAN PEPPER OIl,1
Youjia,CUMIN POWDER,1
Youjia,CHILI POWDER,1
Youjia,BLACK PEPPER SAUCE FOR BEEF,1
Youjia,BBQ SPICES,1
Youkk,Youkk Wide Application Steel Sauce With Convenient Salad Well£¬Convenient And Salad Dressing Wide Application And Seal Well light green lid 1 Pc,1
Youkk,24 Pockets Santa Claus Christmas Advent Calendar Wall Empty Santa Claus Christmas Hanging Ornament Snacks Biscuits Home Bedroom Living Room Decoration Red,1
Youkk,100 Pieces Canvas Drawstring Bags Filter Filter Solid ColorCanvas Solid Color Fine Mesh Reliable Fast Drying Spice Bag for Hold Crafts Tea Leaf 7*9cm,1
Young & Young,454g,7
Young & Young,400g,2
Young & Young,398ml,2
Young & Young,210g,2
Young & Young,2kg,1
Young & Young,227ml,1
Your Fresh Market,500g,22
Your Fresh Market,450g,16
Your Fresh Market,175g,15
Your Fresh Market,454g,13
Your Fresh Market,227g,13
Your Fresh Market,400g,9
Your Fresh Market,142g,9
Your Fresh Market,225g,8
Your Fresh Market,200g,8
Your Fresh Market,7g,7
Your Fresh Market,600 g total,6
Your Fresh Market,400 g total,6
Your Fresh Market,300g,6
Your Fresh Market,3 lb bag,6
Your Fresh Market,3 lb,6
Your Fresh Market,sliced,5
Your Fresh Market,60g,5
Your Fresh Market,336 g total,5
Your Fresh Market,1kg,5
Your Fresh Market,160g,5
Your Fresh Market,8 oz,4
Your Fresh Market,250g,4
Your Fresh Market,170g,4
Your Fresh Market,100g,4
Your Fresh Market,10 cookies - 390g,4
Your Fresh Market,Pick-up only 11AM-7PM,3
Your Fresh Market,908g,3
Your Fresh Market,750g,3
Your Fresh Market,590g,3
Your Fresh Market,550g,3
Your Fresh Market,448 g total,3
Your Fresh Market,390g,3
Your Fresh Market,390 g total,3
Your Fresh Market,312g,3
Your Fresh Market,308g,3
Your Fresh Market,3 lb Bag,3
Your Fresh Market,28g,3
Your Fresh Market,283g,3
Your Fresh Market,280g,3
Your Fresh Market,255g,3
Your Fresh Market,2 x 300g,3
Your Fresh Market,2 lb,3
Your Fresh Market,130g,3
Your Fresh Market,114g,3
Your Fresh Market,1.1kg,3
Your Fresh Market,0.35 - 0.65kg,3
Your Fresh Market,Your Fresh Market,2
Your Fresh Market,907g,2
Your Fresh Market,900g,2
Your Fresh Market,700g,2
Your Fresh Market,690g,2
Your Fresh Market,638g,2
Your Fresh Market,504g,2
Your Fresh Market,5 lb Bag,2
Your Fresh Market,460g,2
Your Fresh Market,454 g (1 lb),2
Your Fresh Market,450 g total,2
Your Fresh Market,440 g total,2
Your Fresh Market,425g,2
Your Fresh Market,375g,2
Your Fresh Market,350g,2
Your Fresh Market,344g,2
Your Fresh Market,340g,2
Your Fresh Market,330 g total,2
Your Fresh Market,300ml,2
Your Fresh Market,3 lb / 1.36kg,2
Your Fresh Market,2l,2
Your Fresh Market,272g,2
Your Fresh Market,260g,2
Your Fresh Market,235g,2
Your Fresh Market,227 g Tray,2
Your Fresh Market,2 x 80 g (160 g total),2
Your Fresh Market,2 x 255 g (510 g total),2
Your Fresh Market,2 lb Bag,2
Your Fresh Market,180g,2
Your Fresh Market,160 grams,2
Your Fresh Market,150g,2
Your Fresh Market,1.5kg,2
Your Fresh Market,1.5 lb,2
Your Fresh Market,1.2kg,2
Your Fresh Market,0.30 - 0.60kg,2
Your Fresh Market,error,1
Your Fresh Market,Your Fresh Market Roasted Seasoned Chicken,1
Your Fresh Market,Your Fresh Market Raisin Bran Muffins,1
Your Fresh Market,Your Fresh Market Pumpernickel Bread,1
Your Fresh Market,Your Fresh Market Pork Barbecue Skewers,1
Your Fresh Market,Your Fresh Market Pizza Buns,1
Your Fresh Market,Your Fresh Market Lemon Poppy Seed Muffins,1
Your Fresh Market,Your Fresh Market Hot Cross Buns,1
Your Fresh Market,Your Fresh Market Herb and Onion Stuffing Bread,1
Your Fresh Market,Your Fresh Market Herb and Garlic Roasted Seasoned Chicken,1
Your Fresh Market,Your Fresh Market Greek-Style White Pita,1
Your Fresh Market,Your Fresh Market Gingerbread Holiday Muffins,1
Your Fresh Market,Your Fresh Market French-Style White Baguette,1
Your Fresh Market,Your Fresh Market French-Style Multigrain Baguette,1
Your Fresh Market,Your Fresh Market Chicken Breast Teriyaki Skewers,1
Your Fresh Market,Your Fresh Market Carrot Slab Cake,1
Your Fresh Market,Your Fresh Market Carrot Muffins,1
Your Fresh Market,Your Fresh Market Barbecue Roasted Seasoned Chicken,1
Your Fresh Market,Your Fresh Market Arabic-Style Whole Wheat Pita,1
Your Fresh Market,Your Fresh Market Arabic-Style White Pita,1
Your Fresh Market,Spartan,1
Your Fresh Market,Quantity - 510g,1
Your Fresh Market,On-the-Vine,1
Your Fresh Market,Carrots,1
Your Fresh Market,950g,1
Your Fresh Market,920g,1
Your Fresh Market,810g,1
Your Fresh Market,800g,1
Your Fresh Market,800 g total,1
Your Fresh Market,755g,1
Your Fresh Market,740g,1
Your Fresh Market,730g,1
Your Fresh Market,6ct,1
Your Fresh Market,696 g total,1
Your Fresh Market,680g,1
Your Fresh Market,660g,1
Your Fresh Market,650g,1
Your Fresh Market,648 g total,1
Your Fresh Market,606 g total,1
Your Fresh Market,600g,1
Your Fresh Market,6 x 500g,1
Your Fresh Market,6 oz,1
Your Fresh Market,58ml,1
Your Fresh Market,582 g total,1
Your Fresh Market,580g,1
Your Fresh Market,564 g total,1
Your Fresh Market,560g,1
Your Fresh Market,553g,1
Your Fresh Market,552 g total,1
Your Fresh Market,540g,1
Your Fresh Market,540 g total,1
Your Fresh Market,520g,1
Your Fresh Market,510 g total,1
Your Fresh Market,5 lb,1
Your Fresh Market,492 g total,1
Your Fresh Market,490g,1
Your Fresh Market,475g,1
Your Fresh Market,440g,1
Your Fresh Market,425 g total,1
Your Fresh Market,420 g total,1
Your Fresh Market,415g,1
Your Fresh Market,3l,1
Your Fresh Market,397g,1
Your Fresh Market,380g,1
Your Fresh Market,376g,1
Your Fresh Market,349g,1
Your Fresh Market,339g,1
Your Fresh Market,326g,1
Your Fresh Market,320g,1
Your Fresh Market,3 lb (1.36 kg),1
Your Fresh Market,278g,1
Your Fresh Market,270g,1
Your Fresh Market,252 g total,1
Your Fresh Market,21 pack - 819g,1
Your Fresh Market,2 x 100 g (200 g total),1
Your Fresh Market,2 pieces,1
Your Fresh Market,14 oz,1
Your Fresh Market,12 x 57 g cups (684 g total),1
Your Fresh Market,113 g Tray,1
Your Fresh Market,10 oz,1
Your Fresh Market,1.3kg,1
Your Fresh Market,1.36kg,1
Your Fresh Market,1.36 kg / 3 lb bag,1
Your Fresh Market,1.36 kg (3 lb),1
Your Fresh Market,1.25 - 1.55kg,1
Your Fresh Market,1.20 - 1.50kg,1
Your Fresh Market,1.20 - 1.40kg,1
Your Fresh Market,1.15 - 1.75kg,1
Your Fresh Market,1.10 - 1.40kg,1
Your Fresh Market,1.01 - 1.36kg,1
Your Fresh Market,1 piece,1
Your Fresh Market,1 Package of 3,1
Your Fresh Market,0.93 - 2.25kg,1
Your Fresh Market,0.82 - 1.02kg,1
Your Fresh Market,0.80 - 1.40kg,1
Your Fresh Market,0.78 - 1.44kg,1
Your Fresh Market,0.70 - 1.30kg,1
Your Fresh Market,0.68 - 1.35kg,1
Your Fresh Market,0.67 - 0.95kg,1
Your Fresh Market,0.65 - 0.75kg,1
Your Fresh Market,0.60 - 0.85kg,1
Your Fresh Market,0.55 - 0.63kg,1
Your Fresh Market,0.50 - 0.63kg,1
Your Fresh Market,0.47 - 0.90kg,1
Your Fresh Market,0.45 - 0.72kg,1
Your Fresh Market,0.45 - 0.68kg,1
Your Fresh Market,0.40 - 1.00kg,1
Your Fresh Market,0.40 - 0.57kg,1
Your Fresh Market,0.40 - 0.55kg,1
Your Fresh Market,0.40 - 0.50kg,1
Your Fresh Market,0.39 - 0.54kg,1
Your Fresh Market,0.38 - 0.57kg,1
Your Fresh Market,0.35 - 0.65 gr,1
Your Fresh Market,0.35 - 0.57kg,1
Your Fresh Market,0.35 - 0.50kg,1
Your Fresh Market,0.34 - 0.45kg,1
Your Fresh Market,0.33 - 0.60kg,1
Your Fresh Market,0.30 - 0.40kg,1
Your Fresh Market,0.28 - 0.57kg,1
Your Fresh Market,0.28 - 0.45kg,1
Your Fresh Market,0.20 - 0.50kg,1
Your Fresh Market,0.20 - 0.35kg,1
Your Fresh Market,0.17 - 0.47kg,1
Yu,250g,2
Yu,6kg,1
Yu Jia Xiang,184g,2
Yuan Ou,YUANOU A8A841D-WAKFU(J-Wave Khaki),1
Yuan Ou,YUANOU A8A841C-WAWWU(J-Wave pink),1
Yuan Ou,YUANOU A8A841B-WACAA(J-Wave camel),1
Yuan Ou,YUANOU A8A841A-WAFJO(J-wave black),1
Yuan Ou,YUANOU A7V491A-WAHMI(Beige),1
Yucatan,340g,6
Yucatan,57g,2
Yucatan,Yucatan Restaurant Stlye Guacamole 454gr,1
Yucatan,16 oz,1
Yucatan Squeeze,340g,1
Yukimi,9x30ml,4
Yum Earth,241g,2
Yum Earth,142g,2
Yum Yum Dishes,Yum Yum Regular chips 425g,1
YumYum,227ml,1
YumYum,1un,1
YumYum,170g,1
Yumi,250g,4
Yumi,Hazelnut & Chocolate Morning Oats,1
Yumi,Banana Bread Morning Oats,1
Yumi,Apple & Cinnamon Morning Oats,1
Yumi Organics,Overnight Oats,4
Yumi Organics,250g,4
Yumi Organics,Canada's first complete overnight oats meal kit!,1
Yummi Bears,Strawberry Kiwi Plant Based Snack,1
Yummi Bears,Sour Watermelon Plant Based Snack,1
Yummi Bears,Peach Plant Based Snack,1
Yummy,198g,1
Yummy Doh,400g,6
Yumy Bear,50g,2
Yumy Candy,Orange Pop Plant Based Snack,1
Yumy Candy,Cola Plant Based Snack,1
Yupik,1 Kg,1
Yuying,3 Tier Round Cardboard Cupcake Stand Pastry Serving Platter Party Dessert Tower,1
Yves,340g,10
Yves,155g,10
Yves,398ml,8
Yves,352g,7
Yves,400g,5
Yves,Plant Based,4
Yves,450g,3
Yves,4 Each,3
Yves,380g,3
Yves,Veggie Ground Round,2
Yves,Veggie Ground,2
Yves,Veggie Burgers,2
Yves,320g,2
Yves,300g,2
Yves,260g,2
Yves,226g,2
Yves,200g,2
Yves,156g,2
Yves,1248g,2
Yves,Yves Veggie Cuisine Veggie Bacon Strips,1
Yves,Yves Veggie Chick'n Nuggets,1
Yves,Yves Veggie Chick'n Burgers,1
Yves,Yves Jumbo Veggie Dog,1
Yves,Yves Falafel Balls,1
Yves,Veggie Wieners,1
Yves,Veggie Turkey,1
Yves,Veggie Sausages,1
Yves,Veggie Sausage,1
Yves,Veggie Pepperoni,1
Yves,Veggie Meatballs,1
Yves,Veggie Dogs,1
Yves,Veggie Chicken Nuggets,1
Yves,Veggie Burger,1
Yves,Veggie Bologna,1
Yves,Veggie Bacon Strips,1
Yves,Veggie Appetizers,1
Yves,Falafel Balls,1
Yves,Chorizo Ground Sausage,1
Yves,Breakfast Links,1
Yves,568g,1
Yves,5 Each,1
Yves,240g,1
Yves,227g,1
Yves,180g,1
Yves,155g Veggie Ham Slices,1
Yves,120g,1
Yves Veggie Cuisine,155g,4
Yves Veggie Cuisine,380g,3
Yves Veggie Cuisine,340g,3
Yves Veggie Cuisine,400g,2
Yves Veggie Cuisine,400 g - pack of 4,2
Yves Veggie Cuisine,300g,2
Yves Veggie Cuisine,200g,2
Yves Veggie Cuisine,568g,1
Yves Veggie Cuisine,568 g - pack of 8,1
Yves Veggie Cuisine,450 g - pack of 12,1
Yves Veggie Cuisine,383g,1
Yves Veggie Cuisine,383 g - pack of 25,1
Yves Veggie Cuisine,380 g - pack of 5,1
Yves Veggie Cuisine,380 g - pack of 4,1
Yves Veggie Cuisine,352g,1
Yves Veggie Cuisine,352 g - pack of 4,1
Yves Veggie Cuisine,320g,1
Yves Veggie Cuisine,320 g - pack of 16,1
Yves Veggie Cuisine,300 g - pack of 4,1
Yves Veggie Cuisine,280g,1
Yves Veggie Cuisine,280 g - pack of 11,1
Yves Veggie Cuisine,275g,1
Yves Veggie Cuisine,275 g - pack of 6,1
Yves Veggie Cuisine,200 g - pack of 8,1
Yves Veggie Cuisine,1248g,1
Yves Veggie Cuisine,120g,1
ZECATL,Yellow,1
ZECATL,White,1
ZECATL,Transparent,1
ZECATL,Five Style£¨Red£©,1
ZECATL,Five Style£¨Orange£©,1
ZECATL,Five Style£¨Coffee£©,1
ZECATL,Culinary Food Grade - 2 OZ,1
ZECATL,Black,1
ZETA,E-AlTRA S-OIl EXT VIRG GARl,1
ZGXIKJ,Poker Rank Of Hands Vintage Look 20x30 Cm Iron Decoration Art Sign For Home Kitchen Bathroom Farm Ga,1
ZGXIKJ,Interface Adapter Mp3 Music Cable Car Audio Aux 3.5mm For E39 E53 X5 E46,1
ZGXIKJ,Exhaust Pipe Muffler Gaskets For 2004-2007 For Rhino 660 Yxr660f 4x4,1
ZGXIKJ,Edible Grade Gold Leaf Schabin Flakes 1/2g Gold Decorative Dishes Chef Art Cake,1
ZGXIKJ,Door Hanging Hamper Bag Laundry Basket Dirty Clothes Storage Pouch For,1
ZGXIKJ,Christmas Decorations Glitter Head Geometric Figure Sugar Pie Game Headband Interesting Boppers Hair Hoop,1
ZGXIKJ,Christmas Children's Gift Bubble Gum Crystal Mud 24 Numbers Advent Day Blind Box Countdown,1
ZGXIKJ,2/4/6pcs Sodium Bicarbonate Baking Soda Multi-functional Decontamination Cleaning Powder Decontamination White Powder White Soda,1
ZGXIKJ,1~10pcs Sodium Bicarbonate Baking Soda Multi-functional Decontamination Cleaning Powder Decontamination White Powder White Soda,1
ZMLEVE,Stylish 3d Burger Pop Pinch Ball Silicone Push Its Bubble Balls,1
ZMLEVE,6/9pcs Yummy Plush Cheesy Puffs Giant Stuffed Bag Of Plush Cheese Snacks Gift/9 Small Balls/,1
ZMNEW,Crawling Crab Baby Toys With Light Up And Music Crab Toys With Sensor Obstacle,1
ZMNEW,Cake Baking Decoration Dolls.,1
ZZkhGo,ZZkhGo Online Shopping Popsicle Holders Bags Reusable Washable Ice Popsicle Holders 10pc,1
ZZkhGo,ZZkhGo Hot Dog Bun Driller Bread Hot Dog Drilling Grilling Hotdogger Cutting Bread Tool Drill A Hole Baking Supplies For Grilling BBQ Hot Dog,1
ZZkhGo,ZZkhGo Holiday Gift Finder Resin Jewelry Coloring Making Gypsum Products Handicraft Hand Water-based Paint 30ml,1
ZZkhGo,ZZkhGo Holiday Gift Finder Cream Horn Model Stainless Steel Roll Flared Danish Croissant Model,1
ZZkhGo,ZZkhGo Holiday Deals Popsicle Holders Bags Reusable Washable Ice Popsicle Holders 10pc,1
ZZkhGo,ZZkhGo Flash Deals Popsicle Holders Bags Reusable Washable Ice Popsicle Holders 10pc,1
ZZkhGo,ZZkhGo Flash Deals New Juicing Cup Multifunction Fresh Juicess Wireless Outdoor Portable Juicing Large Capacity,1
ZZkhGo,ZZkhGo Flash Deals DIY Conjoined Ice Cream Silica Gel ice Cream,1
ZZkhGo,ZZkhGo Easter Lovely Rabbit Tea Bag Hanging Fixed Tea Bag Fixed Tea Bag Tea Cup Wall Decoration Rabbit Differentiator,1
ZZkhGo,Bagels and More,1
ZZwxWA,ZZwxWA Today Discount Coffee Filter Foldable Brewing Stainless Steel Filter Suitable For Any Cup,1
ZZwxWA,ZZwxWA Tax Free Weekend Cheese Cream Cake Cheese Cheese Shape,1
ZZwxWA,ZZwxWA Home Stuff 460ml Plastic Seasoning Bottle With Holes Clear Powder Bottle Pepper Bottle Cumin Powder Cylinder Barbecue Seasoning Bottle Spice Sprinkling Bottle Today Discount,1
ZZwxWA,ZZwxWA Home Decor Ice Cream Food Grade Home Children's Homemade Ice Cream Refrigerator Popsicle Popsicle Ice Cream Popsicle Clearance Sales,1
ZZwxWA,ZZwxWA Home Decor Flash Deals Single Hole Sauces Extrusion Bottle Cream Sauces Extrusion Bottle Tomato Salad Sauces Extrusion Sauces Bottle,1
ZZwxWA,ZZwxWA Home Decor 460ml Plastic Seasoning Bottle With Holes Clear Powder Bottle Pepper Bottle Cumin Powder Cylinder Barbecue Seasoning Bottle Spice Sprinkling Bottle Flash Deals,1
ZZwxWA,ZZwxWA Holiday Saving Stay Cool And Dive Into A Sweet Escape With Our 4-Hole Ice Cream Enjoy DIY Ice Cream Ice Pops And Novelties At Home Ice,1
ZZwxWA,ZZwxWA Holiday Gift Finder Resin Jewelry Coloring Making Gypsum Products Handicraft Hand Water-based Paint 30ml,1
ZZwxWA,ZZwxWA Holiday Gift Finder Home Baking Bee Rice Cake Model Critter Cake Model,1
ZZwxWA,ZZwxWA Flash Deals DIY Conjoined Ice Cream Silica Gel ice Cream,1
ZZwxWA,ZZwxWA Clearance Sales Double Layer Candy And Dried Fruit Rotating Design Dessert,1
ZZwxWA,ZZwxWA Clearance Sales DIY Bee Beetle Flower Cake Chocolate Candy,1
ZZwxWA,ZZwxWA 50% Off Clear Easter Bunny Treat Trays Wooden Easter Rabbit Wooden Snack Delicatessen Cheese,1
Zabiha,,5
Zabiha,375g,2
Zabiha,900g,1
Zabiha,800g,1
Zabiha,678g,1
Zabiha,1 per tray,1
Zabiha Halal,800g,14
Zabiha Halal,908g,11
Zabiha Halal,375g,6
Zabiha Halal,300g,5
Zabiha Halal,200g,5
Zabiha Halal,900g,4
Zabiha Halal,450g,4
Zabiha Halal,1kg,3
Zabiha Halal,678g,2
Zabiha Halal,100% halal & 100% delicious!,2
Zabiha Halal,Ready in 90 seconds,1
Zabiha Halal,Halal certified (CHFCA),1
Zabiha Halal,Best used for sandwiches.,1
Zabiha Halal,600g,1
Zabiha Halal,454g,1
Zabiha Halal,375 grams,1
Zanders,200g,2
Zanders,120g,2
Zaqw,Roasted Pork Chops,1
Zaqw,Retains Coffee Oils,1
Zaqw,Filter Basket Included,1
Zaqw,Extraction Household Coffee Maker Kettle High Borosilicate Glass With Handle For Office For Home 1000ml,1
Zatarain's,227g,5
Zavat Chalav,150g,11
Zavat Chalav,800g,3
Zavida,340g,5
Zavida,132g,3
Zavida,50g,2
Zavida,30ea,2
Zavida,ZAVIDA HAZELNUT VANILLA 30CT PODS,1
Zavida,ZAVIDA FRENCH VANILLA 30CT PODS,1
Zavida,ZAVIDA CANADIAN MAPLE 30CT PODS,1
Zavida,ZAVIDA 100% COLOMBIAN 30CT PODS,1
Zavida,E-ZAVIDA ZAVHAZLVESP,1
Zavida,E-ZAVIDA ZAVCRMBRULESP,1
Zavida,E-ZAVIDA HZLNTVANESP,1
Zavida,E-ZAVIDA CHOCTRUFPODS,1
Zayit,500ml,3
Zayit,750ml,2
Zayit,250ml,1
Zaytunamart.ca,Tunisian Harissa Du Capbon 380g,1
Zaytunamart.ca,Tunisian Harissa Du Capbon,1
Zazubean,85g,6
Zazubean,80g,3
ZeesKite,184g,1
Zein,1.81kg,3
Zein,907g,1
Zein,750ml,1
Zeroodle,400g,3
Zeroodle,200g,2
Zerto,250g,4
Zerto,140g,4
Zerto,Zerto Parmesan 140g. Imported Freshly Shredded Parmesan Cheese. Aged 10 Months or More,1
Zerto,$49.90/1kg,1
Zeta,250ml,8
Zeta,750ml,2
Zeta Oil,E-ALTRA S-OIL EXT VIRG LEMON,1
Zevia,6x355.0ml,15
Zevia,6x355ml,11
Zevia,6 Each,9
Zevia,355ml,8
Zevia,6x335.0ml,6
Zevia,355 Millilitre,5
Zevia,Sleek Can355 Millilitre,3
Zevia,355ml - can,2
Zevia,Lemon Lime Twist6 Each,1
Zevia,Caffeine Free355 Millilitre,1
Zevia,6x355ml - cans,1
ZheElen,300 Pieces Teabags Drawstring Filter Bags Strainer Infuser Nontoxic Unbleached Pouch Penetration Seal Tea Bag Powder Spices Teaware 6*8 CM,1
ZheElen,28cm Anti-skid Cake Decorating Turntable Flat Swivel Plate Baking Tool Rubber Plastic Turntable,1
ZheElen,10 Pieces Insect Cake Decoration Happy Decoration Exquisite Simulation Birthday Party Decor Simulation Crafts Sign Dessert Cakes Pastry Baking Type 2,1
ZheElen,10 Pieces Insect Cake Decoration Happy Birthday Party Happy Birthday Engagement Decor Simulation Crafts Sign Dessert Cakes Pastry Baking Type 6,1
ZheElen,10 Pieces Insect Cake Decoration Happy Birthday Party Baking Ornament Arrangement Decor Simulation Crafts Sign Dessert Cakes Pastry Baking Type 5,1
Zhengfeng,340g,1
Ziggy's,175g,27
Ziggy's,300g,14
Ziggy's,350g,13
Ziggy's,200g,10
Ziggy's,600g,9
Ziggy's,500g,7
Ziggy's,454g,6
Ziggy's,1.25kg,6
Ziggy's,$39.90/1kg,6
Ziggy's,160g,5
Ziggy's,$34.90/1kg,5
Ziggy's,500ml,4
Ziggy's,250g,4
Ziggy's,1kg,3
Ziggy's,$36.90/1kg,3
Ziggy's,$35.90/1kg,3
Ziggy's,$30.00/1kg,3
Ziggy's,$20.00/1kg,3
Ziggy's,$19.90/1kg,3
Ziggy's,450g,2
Ziggy's,420g,2
Ziggy's,400g,2
Ziggy's,375g,2
Ziggy's,340g,2
Ziggy's,180g,2
Ziggy's,140g,2
Ziggy's,$37.90/1kg,2
Ziggy's,$29.90/1kg,2
Ziggy's,850g,1
Ziggy's,360g,1
Ziggy's,220g,1
Ziggy's,150g,1
Zilong Geng,Simulation Food Japanese Restaurant Dipping Sauce Tempura Fried Shrimp Tail Crab Clamp Model Shooting Jewelry Children Playing Props,1
Zimmerman Farm,227g,1
Zinda,907g,6
Zinda,600g,2
Zinda,Mix of whole wheat orzo and other grain,1
Zinda,340g,1
Zinda,225g,1
ZoRaw,52g,5
Zoa,355ml,3
Zoglo's,300g,10
Zoglo's,290g,1
Zoglo's,280g,1
Zoglos,300g,3
Zoglos,270g,2
Zoglos,320g,1
Zoglos,225g,1
Zootealy,Men Adjustable Drawstring Swim Shorts Board Shorts Swimwear Quick-dry Beach Shorts with Swimming Cap,1
Zucchini,Fresh400g,1
Zweet,285g,8
Zweet,285,4
Zweet,283g,4
Zywiec,500ml,1
abes,1.65l,16
abes,2l,2
abes,113g,2
adviicd,adviicd 4 Kinds Of Products Popcorn Venue Layout Props Tricky Foam Eyeball Mouse Popcorn,1
arte*,0.341kg,4
arte*,0.359kg,2
arte*,0.318kg,2
arte*,0.315kg,2
awardfan,Party Cake Decoration Sequins DIY Balloon Sparkling Confetti Decorative Outdoor Anniversary Handicraft Handmade Outdoor Engagement Festival Type 2,1
awardfan,Gold Foil Leaf Festival Cake Leaf Cakes Dessert Pastry Candy Flakes Bakery Bar Food Dishes Tea Drink Decoration DIY Craft Copper,1
bare,96g,3
bare,94g,2
bare,77g,2
bare,79g,1
barkTHINS,150g,1
bibigo,6.6oz per bag,1
bibigo,1.5lbs per bag,1
blue monkey,330ml,1
bubly,12x355ml,8
bubly,473ml,3
bubly,Bubly Sparkling Water Merry Berry 12 x 355ml,2
bubly,12 x 355ml,2
bubly,Bubly Sparkling Water raspberry 12 x 355ml,1
bubly,Bubly Sparkling Water Watermelon 12x355ml,1
bubly,BUBlY COCO PINEAPPlE 12x355ml,1
campingmoon,Can Alloy Coffee And Tea Outdoor - Bottle Coffee Jar Alloy Coffee Can Alloy Bottle Bean Tea-leaves Tanks Alloy Tea-leaves Bottle Jar Coffee Beans Tea-leaves And On,1
campingmoon,Bottle Coffee Can - Coffee Tea Can Portable Alloy Coffee - Coffee And Tea Outdoor - Outdoor Bottle Tea-leaves Bottle Tea-leaves Coffee Can Tea-leaves Bottle Alloy Jar Coffee,1
campingmoon,Bottle Coffee Alloy Coffee Layered Can Coffee And Tea Tea-leaves Coffee Tea-leaves Fresh Periods Coffee Can - Bottle - Tea-leaves Jar Coffee Can - Tea-leaves Bottle Coffee -,1
campingmoon,Alloy Coffee And Layered Tea-leaves Bottle Coffee And Tea Can Portable Alloy Can - Coffee Can Alloy Bottle Coffee Tea And Tea-leaves Fresh Periods Jar Coffee Outdoor,1
campingmoon,- - Alloy Coffee Tea-leaves Bottle Coffee Can Alloy Bottle Coffee And Tea Bottle And Bean Tea-leaves Beans - Can Alloy Jar Coffee Spill Proof Essential Secure And Spill,1
crgrtght,0.5g Each Time,2
crgrtght,mini bo?te d'¨¦pices rendra les ¨¦pices discr¨¨tes plus int¨¦ressantes,1
crgrtght,hidratantes y activos Clearing livraison gratuite,1
crgrtght,crgrtght ?conomisez! Ustensiles de cuisine bouteille d'assaisonnement bouteille de sauce tomate bouteille de sauce salade bouteille de brosse ¨¤ huile bouteille de sauce soja bouteille d'huile,1
crgrtght,crgrtght ?conomisez! Spatule anti - adh¨¦sive de qualit¨¦ alimentaire filtre ¨¤ huile cuill¨¨re avec r¨¦sistance ¨¤ la temp¨¦rature et la flexibilit¨¦ de la conception de s¨¦paration de l'huile,1
crgrtght,crgrtght ?conomisez! Silicone Tea Bag filtre ¨¤ th¨¦ silicone Tea Filter Clearing livraison gratuite Liquidation sp¨¦ciale cette semaine Clearing livraison gratuite,1
crgrtght,crgrtght ?conomisez! Filtre ¨¤ soupe cuill¨¨re ¨¤ huile huile de cuisine filtre ¨¤ soupe pi¨¨ces s¨¦par¨¦es Clearing livraison gratuite Liquidation sp¨¦ciale cette semaine,1
crgrtght,crgrtght ?conomisez! Cuisine maison avec couvercle cinq trous bouteille avec graduation bouteille assaisonnement cuisine ketchup bouteille assaisonnement bouteille Clearing livraison gratuite,1
crgrtght,crgrtght ?conomisez! Coton carr¨¦ serviette torchon serviette ¨¤ main torchon en nid d'abeille coton absorbant respirant cuisine nettoyage anti - adh¨¦sif huile Offre de moins de 5 $cette semaine,1
crgrtght,crgrtght ?conomisez! Brosse ¨¤ huile maison assaisonnement brosse ¨¤ huile Split cuisine alimentaire brosse ¨¤ huile barbecue Clearing livraison gratuite Liquidation sp¨¦ciale cette semaine,1
crgrtght,crgrtght ?conomisez! Brosse ¨¤ huile haute temp¨¦rature ¨¤ r¨¦action brosse ¨¤ huile avec bouteille cuisine cr¨ºpes barbecue boulangerie qualit¨¦ alimentaire int¨¦gr¨¦ verre brosse ¨¤ huile bouteille,1
crgrtght,crgrtght ?conomisez! Brosse ¨¤ huile de bouteille d'huile de qualit¨¦ alimentaire avec couvercle r¨¦sistant aux temp¨¦ratures ¨¦lev¨¦es bouteille d'huile Extrusion barbecue brosse ¨¤ huile barbecue,1
crgrtght,crgrtght ?conomisez! Bouteille d'injection d'huile ¨¦lectrique Home po¨ºle ¨¤ frire huile d'olive Spray r¨¦duire artefacts verser pot Clearing livraison gratuite Liquidation sp¨¦ciale cette semaine,1
crgrtght,crgrtght ?conomisez! Accueil multifonctions ¨¤ la main Push ail Cutter moulin ¨¤ ail Ail presse ¨¤ ail poudre d'ail Ail ail T¨ºte ail cutter Clearing livraison gratuite Liquidation sp¨¦ciale cette se,1
crgrtght,crgrtght ?conomisez! Accueil fruits secs moulin ¨¤ ail moulin ¨¤ noix moulin ¨¤ noix main gingembre Grinder Clearing livraison gratuite Liquidation sp¨¦ciale cette semaine,1
crgrtght,crgrtght ?conomisez! Accueil Cuisine cuisini¨¨re Foil huile cuisson Hot clapet outils de cuisine Clearing livraison gratuite Liquidation sp¨¦ciale cette semaine Clearing livraison gratuite,1
crgrtght,crgrtght Up to 60% off Gifts Lollipop Silica Gel Can Be Reused The Silica Gel Is Matched With The Lollipop,1
crgrtght,crgrtght Up to 60% off Gifts Ice-cream Maker-Ice-cream Molds Ice Box Small Household Refrigerator Easy-release Ice-cream Molding With Cover Ice Lattice,1
crgrtght,crgrtght Up to 60% off Gifts Household ice cream DIY mixed color conjoined popsicle with lid,1
crgrtght,crgrtght Up to 60% off Gifts Dinosaur Tea Maker Stock Dragon Tea Bag Tea Filter,1
crgrtght,crgrtght Up to 60% off Gifts Cream Horn Model Stainless Steel Roll Flared Danish Croissant Model,1
crgrtght,crgrtght Une bouteille de brosse ¨¤ huile avec bouteille brosse ¨¤ huile,1
crgrtght,crgrtght Today Deals Prime Seasoning Box-kitchen-household With Lid Set-integrated Four Acrylic Seasoning Jar-sealed Seasoning Bottle- Seasoning Bottle,1
crgrtght,crgrtght Today Deals Prime Printed Kitchen Oil Barrier High Temperature Aluminum Foil Oil Baffle,1
crgrtght,crgrtght Today Deals Prime Ice Cream With Lid Popsicle Summer Ice Cream,1
crgrtght,crgrtght Today Deals Prime Ice Cream Food Grade Home Children's Homemade Ice Cream Refrigerator Popsicle Popsicle Ice Cream Popsicle,1
crgrtght,crgrtght Today Deals Prime Halloween Product Simulation Popcorn Venue Layout Props Trick Foam Popcorn.,1
crgrtght,crgrtght Today Deals Prime DIY Ice Cream Making Ice Box Popsicle,1
crgrtght,crgrtght Today Deals Prime DIY Conjoined Ice Cream Silica Gel ice Cream,1
crgrtght,crgrtght Today Deals Prime Cream Horn Model Stainless Steel Roll Flared Danish Croissant Model,1
crgrtght,crgrtght Today Deals Prime Coffee Filter Cup Drip Cup Hand-brewed Coffee Cup Drip Filter Coffee Filter Cup For Hiking Camping Home Office,1
crgrtght,crgrtght Today Deals Prime Accurate Quantitative Seasoning Bottle 0.5g Per Press Household Kitchen Glass Seasoning Tank Proof Sealed Seasoning Bottle Tank,1
crgrtght,crgrtght Tasse ¨¤ caf¨¦ c¨¦ramique 350ml pour les dipl?m¨¦s de doctorat de l'Universit¨¦ 2024,1
crgrtght,crgrtght Spatule anti - adh¨¦sive de qualit¨¦ alimentaire filtre ¨¤ huile cuill¨¨re avec r¨¦sistance ¨¤ la temp¨¦rature et la flexibilit¨¦ de la conception de s¨¦paration de l'huile,1
crgrtght,crgrtght P?ques 8 cavit¨¦s moule bricolage chocolat Cupcake g?teau muffin moule de cuisson,1
crgrtght,crgrtght Po¨ºle ¨¤ frire en acier inoxydable anti - adh¨¦sif tamis ¨¤ huile outils de cuisson multiplex Packaging,1
crgrtght,crgrtght Plaquettes biscuits - plaquettes de cuisson antiadh¨¦sives - plaquettes de cuisson faciles ¨¤ nettoyer et r¨¦utilisables pour la fabrication de biscuits - biscuits,1
crgrtght,crgrtght Open Box Deals Clearance Three-dimensional Biscuits DIY Biscuits Plastic Baking,1
crgrtght,crgrtght Open Box Deals Clearance Oil Sprayer For Cooking Olive Oil Sprayer 100ml Glass Olive Oil Spray Bottle Kitchen Gadgets Accessories For Fryer,1
crgrtght,crgrtght Open Box Deals Clearance Dinosaur Tea Maker Stock Dragon Tea Bag Tea Filter,1
crgrtght,crgrtght Open Box Deals Clearance Cream Horn Model Stainless Steel Roll Flared Danish Croissant Model,1
crgrtght,crgrtght Open Box Deals Clearance Carton Popsicle Ice Cream Six Popsicle Box Ice,1
crgrtght,crgrtght Open Box Deals Clearance 6 Of natural Stick Fresh Flower Birthday Cake Decoration Card,1
crgrtght,crgrtght Online Shopping Segmented Candy Box Household Nut Box Dried Fruit Box Living Room Snack Box Plastic Fruit Box Snack Box,1
crgrtght,crgrtght Online Shopping Fruit Living Room Home Melon Nut New Year Dried Fruit Party Snack Dessert High Appearance Level Fruit,1
crgrtght,crgrtght Online Shopping Fish Hide In Caves Plastic Fish Shrimp Hide Decorative,1
crgrtght,crgrtght Multifonctionnel 5 en 1 ¨¦plucheur pinceau de l¨¦gumes ouvre - bouteille moulin ¨¤ ail,1
crgrtght,crgrtght Moulin ¨¤ herbes moulin ¨¤ ¨¦pices ¨¦lectrique moulin ¨¤ caf¨¦ ¨¤ herbes grande capacit¨¦ - pour herbes fines feuilles arachides poivre haricots champignons grains,1
crgrtght,crgrtght Moule de couteau de boulangerie de biscuit d'artisanat de g?teau de sucre d'aluminium de moulage,1
crgrtght,crgrtght Mini moulin ¨¤ ail ¨¦lectrique moulin ¨¤ ail ¨¦lectrique sans fil extracteur d'ail machine ¨¤ ¨¦craser l'ail,1
crgrtght,crgrtght Flacon d'assaisonnement extrud¨¦ 11 OZ avec flacon d'assaisonnement chaud ¨¤ clapet huile d'assaisonnement extrud¨¦e gel liquide,1
crgrtght,crgrtght Ferronnerie voiture Candy Box style europ¨¦en mariage Candy Box cadeau de mariage Pumpkin car,1
crgrtght,crgrtght Enfants Donut Inflatable Bar Party lollipop d¨¦coration accessoires Cartoon Creative Inflatable Bar,1
crgrtght,crgrtght Cut¨ªculas de pies cut¨ªculos mascarilla de pies cut¨ªculos calcetines pel¨ªcula de pies de beb¨¦ 1 par de 10ml,1
crgrtght,crgrtght Cuisine Extrusion ¨¦tanche bouilloire ¨¤ huile transparent sauce bouteille avec ¨¦chelle,1
crgrtght,crgrtght Cuill¨¨re ¨¤ huile de filtre en acier inoxydable cuill¨¨re ¨¤ huile de filtre multifonction en acier inoxydable maille fine filtre ¨¤ huile,1
crgrtght,crgrtght Clearance Promotion Halloween Product Simulation Popcorn Venue Layout Props Trick Foam Popcorn.,1
crgrtght,crgrtght Clearance Promotion Candy Box Nut Snack Organizer Melon Dried Fruit Tray With Lid Compartment Storage Box Nut And Dried Fruit Organizer Snack Tray For Kitchen And Parties,1
crgrtght,crgrtght Chocolat sucre tournage moule coeur moule bricolage chocolat Cupcake g?teau muffin moule de cuisson,1
crgrtght,crgrtght Brosse ¨¤ huile haute temp¨¦rature ¨¤ r¨¦action brosse ¨¤ huile avec bouteille cuisine cr¨ºpes barbecue boulangerie qualit¨¦ alimentaire int¨¦gr¨¦ verre brosse ¨¤ huile bouteille,1
crgrtght,crgrtght Brosse ¨¤ bouteille d'huile droite opaque barbecue barbecue brosse ¨¤ huile avec brosse gradu¨¦e outils de cuisine,1
crgrtght,crgrtght Brosse huile contr?l¨¦e bouteille de brosse cuisine haute temp¨¦rature transparent,1
crgrtght,crgrtght Bo?te de rangement de fruits Flip bread cake bo?te de rangement vaisselle pr¨¦sentoir,1
crgrtght,crgrtght Bo?te d'assaisonnement cuisine quatre pi¨¨ces une cuill¨¨re ¨¤ soupe pour mettre l'assaisonnement acidifiant MSG sucre sans cha?ne bo?te de rangement d'¨¦pices bo?te d'assaisonnement pot set,1
crgrtght,crgrtght Bouteille de pulv¨¦risation d'huile cuisine maison barbecue huile d'olive cuisson bouilloire de pulv¨¦risation d'huile pulv¨¦risateur d'huile r¨¦ducteur God Spray bouilloire de pulv¨¦risation d,1
crgrtght,crgrtght Bouteille d'huile maison cuisine verre bouteille d'huile bouteille d'¨¦pices pot d'aromatisation seau ¨¤ huile ¨¦tanche grande capacit¨¦ Cuisine Restaurant,1
crgrtght,crgrtght Bouchon de bouteille de bi¨¨re scell¨¦ ¨¦tanche bouchon souple pour canette de vin rouge cola,1
crgrtght,crgrtght Acier inoxydable filtre ¨¤ huile cuill¨¨re s¨¦parateur d'huile cuill¨¨re ¨¤ soupe cuill¨¨re s¨¦parateur de graisse,1
crgrtght,crgrtght Accueil Cuisine cuisini¨¨re Foil huile cuisson Hot clapet outils de cuisine,1
crgrtght,crgrtght Abeille nid d'abeille moule g?teau au chocolat d¨¦coratif Fudge moule,1
crgrtght,crgrtght 304 en acier inoxydable approfondir l'huile chaude po¨ºle ¨¤ frire ¨¤ l'huile huile Mini po¨ºle ¨¤ huile huile huile nouilles sp¨¦ciales gouttes d'huile petit plat ¨¤ lait,1
crgrtght,chaque lollipop est livr¨¦ avec un petit b?ton,1
crgrtght,brosse ¨¤ huile barbecue,1
crgrtght,bo?te de rangement d'assaisonnement Multi - compartiments avec couvercle,1
crgrtght,Rose Flower Ice Cocktail Mix Ice Rose Flower 4 With Ice Tray,1
crgrtght,Printed Kitchen Oil Barrier High Temperature Aluminum Foil Oil Baffle,1
crgrtght,Powder Spreading Bot,1
crgrtght,Love Ice Cream Popsicle Making Popsicle Stick Ice Cream,1
crgrtght,Ice Cream Food Grade Home Children's Homemade Ice Cream Refrigerator Popsicle Popsicle Ice Cream Popsicle,1
crgrtght,Household Ice Cream DIY Mixed Color Conjoined Popsicle With Lid,1
crgrtght,Home Baking Bee Rice Cake Model Critter Cake Model,1
crgrtght,Enjoy The Happiness Of Homemade Ice Cream,1
crgrtght,Each Lollipop Comes With A Small Stick,1
crgrtght,Dinosaur Tea Maker Stock Dragon Tea Bag Tea Filter,1
crgrtght,DIY Ice Cream Home Homemade Tool Ice Cream Food Grade Children's Making Popsicle Bar,1
crgrtght,Cream Horn Model Stainless Steel Roll Flared Danish Croissant Model,1
crgrtght,10 Popsicle Diy Ice Cream Ice Cream,1
decodeary,300 Pieces Teabags Drawstring Filter Bags Strainer Infuser Pieces Disposable Pouch Penetration Seal Tea Bag Powder Spices Teaware 7*9CM,1
destyer,destyer Birthday cake with card balloons,1
duBreton,125g,2
duBreton,,2
duBreton,250g,1
duolekuaixiao,Motorcycle 22mm 28mm Hand Handlebar Handle Bar Guards Handguard For Kawasaki Kx Klx Kxf Kdx 125 150 250 450 Kx250f Kx450f Kx250,1
en,Kawaii Sanrio My Melody Cinnamoroll Little Twin Stars Creativity Cartoon Seasoning Box Dust-Proof Flip Box Kitchen Supplies,1
en,230Cm Foil Perada Pita Karangan Bunga untuk Dekorasi Natal Pohon Natal Pita Pembungkus Ornamen Natal Tahun Baru Perlengkapan Dekorasi,1
enqiretly,Cubes Garment Markers Hanger Sizer Black,1
enqiretly,Cubes Dark Sizer Donuts Bagels Green,1
error,450g,5
error,850g,4
error,error,3
error,454g,3
error,427g,3
error,4 x 113g,2
error,255g,2
error,You can trust Gay Lea Butter,1
error,SCHAR GLUTEN-FREE MULTIGRAIN CIABATTA,1
error,Nutri Large Brown Eggs,1
error,Nova Eggs Extra Large White Eggs,1
error,Golden Valley Extra Large White Eggs,1
error,GoldEgg Organic Medium Eggs,1
error,GoldEgg Organic Jumbo Eggs,1
error,Gay Lea Grass Fed Unsalted Butter 250g,1
error,GV ORIGINAL 850G,1
error,GV ORIGINAL 1.7 KG,1
error,GV OLIVE MARG 850G,1
error,GV OLIVE MARG 1.7KG,1
error,GV MARGARINE 850G,1
error,GV MARGARINE 427G,1
error,Becel Plant Butter Salted 427g Tub,1
error,Becel Plant Butter Garlic 227g Tub,1
error,227g,1
error,212g,1
error,200g,1
error,12 count,1
error,12 Count,1
error,1.7kg,1
error,1.28kg,1
esafio,Fiber Drain Noodle Bowl large Instant Noodle Bowl,1
evian,Evian 750ml,1
evian,Evian 1l,1
evian,6 x 500ml,1
evian,6 x 1l,1
evian,500ml,1
evian,1.5l,1
facefd,facefd Premium Tea Filters Hanging for Most Mug Kettle Sealed Thread Connection oval,1
facefd,facefd 24 Pockets Santa Claus Christmas Advent Calendar Wall Hanging Ornament Snacks Biscuits Home Bedroom Living Room Decoration Red Red,1
facefd,Gold Foil Paper,1
facefd,Cubes Purple,1
facefd,Cubes Dark Green,1
fairlife,1.5 xl,4
fastboy,fastboy Wear Resistance Electric Pepper Mill For Long-lasting Performance Made Of Biodegradable green,1
fastboy,fastboy Flower Pattern Rotating Candy Box Wedding Favor Box Divided Dried Fruit Plate Snacks Sunflower Seed Container,1
fastboy,fastboy Birthday cake with card balloons,1
freestylehome,freestylehome Seal Well Salad Dressing Cups For Leak-proof Transport Of Sauces And Dressings Easy To Open light green lid 5Set,1
freestylehome,freestylehome Flower Pattern Rotating Candy Box Wedding Favor Box Divided Dried Fruit Plate Snacks Sunflower Seed Container,1
freestylehome,freestylehome Compatible Coffee Cup for B31 B40 B44 B60 B70 B77 K45 Versatile and Time-Saving Style A 1Set,1
freestylehome,freestylehome 2pack/lot Stainless Steel Made Screen Filter Non-toxic And Safe For Food Contacting High Precision 53.5mm£¬1.7mm£¬150um,1
freestylehome,freestylehome 200pieces Exquisite And Practical Tea Filter Bags ¨C Enjoy Sophisticated Tea 7*9cm 1Set,1
fromagerie du presbyt¨¨re,150g,1
gallfeel,Rose gold,1
goodvibes Juice Co,50ml,1
healthy hippo,50g,3
hot-kid,100g | Assorted Flavours,1
iiCiNG,48ml,10
illy,? Unique pressurized coffee packaging preserves flavor ? Sourced from the finest 100% Arabica coffee ? Beautifully balanced and consistent taste,3
illy,full-flavored taste,3
illy,? Convenient single-serve format ? Sourced from the finest 100% Arabica coffee beans ? Beautifully balanced and consistent taste,1
illy,? Convenient instant brewed coffee ? Sourced from the finest 100% Arabica coffee beans ? Beautifully balanced and consistent taste,1
i?GO,6x93ml,12
i?GO,16x100g,11
i?GO,2kg,5
i?GO,900ml,2
i?GO,750g,2
i?GO,2KG,1
i?GO nan?,6x93ml,6
i?GO nan?,93ml,1
jiehechuang,p¨¦tales de c?ur,1
jiehechuang,100 unidades,1
justharion,justharion Birthday cake with card balloons,1
justharion,justharion 300 Pieces Teabags Drawstring Filter Bags Strainer Infuser Tea Filter Pouches Pouch Penetration Seal Tea Bag Powder Spices Teaware 5*7 CM,1
justharion,Cubes Dark Green,1
kcavykas,open Season Candy Box Nut Snack Organizer Melon Dried Fruit Tray with Lid Compartment Double Storage Box Nut And Dried Fruit Organizer Snack Tray for Kitchen And Parties,1
kcavykas,kcavykas Big Deals Items Coffee Beans Coffee Powder Dry Goods Sealed Container 304 Stainless Steel Sealed Storage Tank,1
kcavykas,Summer Savings Kcavykas Fruit Tray Clear Snack Display Tray Candy Snack Tray Nut and Dried Fruit Storage Box Snack Tray for Kitchen and Party Food and Pantry Organization,1
kcavykas,Snack Cup Snack Fruit Outdoor Picnic Camping Snack Cup,1
kcavykas,Silica Gel Tea Bag Tea Filter Silica Gel Tea Filter,1
kcavykas,Segmented Candy Box Household Nut Box Dried Fruit Box Living Room Snack Box Plastic Fruit Box Snack Box,1
kcavykas,Plastic Clear High Heel Shoe Chocolate Mould DIY Cake Candy Molding Make Tool,1
kcavykas,Outdoor Fruit Tray Clear Snack Display Tray Candy Snack Tray Nut and Dried Fruit Storage Box Snack Tray for Kitchen and Party Food and Pantry Organization,1
kcavykas,Outdoor Candy Box Nut Snack Organizer Melon Dried Fruit Tray with Lid Compartment Double Storage Box Nut and Dried Fruit Organizer Snack Tray for Kitchen and Parties,1
kcavykas,Kitchen Pot And Seasoning Bottle Sea Pepper Powder Telescopic Seasoning Can Spoon Cover integrated,1
kcavykas,Kitchen Gadgets 304 Three-layer Steel Thickened Hot Oil Small Pot Stainless Steel Deepened Min Splashing Oil Burning Oil Household Small Oil Pot,1
kcavykas,Easter Lovely Rabbit Tea Bag Hanging Fixed Tea Bag Fixed Tea Bag Tea Cup Wall Decoration Rabbit Differentiator,1
kcavykas,Double Layer Candy And Dried Fruit Rotating Design Dessert,1
kcavykas,Condiment Bottle Retractable Glass Condiment Kitchen Condiment Jar Sealed MSG Condiment Jar Household Jar Condiment Bottle Set,1
kcavykas,Coffee Filter Foldable Brewing Stainless Steel Filter Suitable for Any Cup,1
kcavykas,5ml Per Pack of 100 Beads,1
kcavykas,50pcs Empty Teabags String Heat Filter Paper Herb Loose Tea Bag,1
kcavykas,100pcs Empty Teabags String Heat Filter Paper Herb Loose Tea Bag,1
keepw,keepw Teabags Single-off Non-woven Fabrics Spice Scented Tea Bags with String DIY Crafts Natural Steeper Drawstring Herb Pouch TYPE1 100pcs 5x7cm,1
keepw,keepw Easy Access To Fresh Bean Sprouts Install And Maintain With Ease Clean And Tidy Kitchen Sprossenglas B,1
kkbbma,4 Or 2 Compartments Seasoning Jar Compartment Multifunctional Seasoning Can Of Spices Household Seasoning Combination Set Spice Can Of Spices Get A Spoon.,1
kosa,750 Millilitre,1
kosa,565g,1
kosa,540g,1
kosa,185 Millilitre,1
kosa,1 Litre,1
kttectoa,random color Weekly flyer features,1
kttectoa,random color Flyer to p picks,1
kttectoa,Wal-mart Deals Kttectoa Kitchen Pot And Seasoning Bottle Sea Pepper Powder Telescopic Seasoning Can Spoon Cover Integrated Deals Centre,1
kttectoa,Kttectoa up to 60% off Printed Kitchen Oil Barrier High Temperature Aluminum Foil Oil Baffle Weekly Deals,1
kttectoa,Kttectoa up to 60% off Colored Flame Cles Birthday Cles Party Cake Cles CoolGood-looking Deals up to 70% off,1
kttectoa,Kttectoa up to 60% off Colored Flame Cles Birthday Cles Party Cake Cles CoolGood-looking Deals on grocery,1
kttectoa,Kttectoa Wal-mart Deals Home Baking Bee Rice Cake Model Critter Cake Model Save 20% on baby diapers,1
kttectoa,Kttectoa Wal-mart Deals Home Baking Bee Rice Cake Model Critter Cake Model Holiday Gift Finder,1
kttectoa,Kttectoa Prime Deals Savings Home Baking Bee Rice Cake Model Critter Cake Model to p Campus picks on Rollback,1
kttectoa,Kttectoa Prime Deals Savings Colored Flame Cles Birthday Cles Party Cake Cles CoolGood-looking Holiday Deals,1
kttectoa,Kttectoa Colored Flame Cles Birthday Cles Party Cake Cles CoolGood-looking for Home,1
kttectoa,Kttectoa Coffee Filter Cup Drip Cup Hand-brewed Coffee Cup Drip Filter Coffee Filter Cup For Hiking Camping Home Office Save 15% on pets,1
kttectoa,Kttectoa Clearance Versatile Dough Proofer With Temperature Control For Baking Fermentation For Making Bread Yogurt Natto And Hand Made Soap Rollback,1
kttectoa,Kttectoa Clearance Transparent Visual Control Quantity Leak Proof Extrusion Seasoning Bottle Tomato Seasoning Seasoning Salad Seasoning Extrusion Bottle Coupon Centre,1
kttectoa,Kttectoa Clearance Printed Kitchen Oil Barrier High Temperature Aluminum Foil Oil Baffle Stationery on Rollback,1
kttectoa,Kttectoa Clearance Household Round Fruit Snacks Sugar Biscuits Striped Fruit Melon Fruit Deals Centre,1
kttectoa,Kttectoa Clearance DIY Baking Chess Cake Decorative Deals on home,1
kttectoa,Fall Savings Kttectoa Colored Flame Cles Birthday Cles Party Cake Cles CoolGood-looking Deals on sports & rec,1
kttectoa,Candy Chocolate Jelly Polymer Paste Cake Decoration Deals on sports & rec,1
kttectoa,0.5g Each Time Coupon Centre,1
kurtrusly,kurtrusly Flower Pattern Rotating Candy Box Wedding Favor Box Divided Dried Fruit Plate Snacks Sunflower Seed Container,1
kurtrusly,kurtrusly Birthday cake with card balloons,1
kusrkot,kusrkot 60Pcs Invisible Chest Covers Anti Chafing Nip Guard Nip Protector Breathable Nip Dark Skin,1
kusrkot,Wall White Light,1
kusrkot,Cat Cardboard House Scratching Board Cat Scratcher House for Kitten Cat Gift Box,1
laiterie de l'Outaouais,salted butter 454gr,1
laiterie de l'Outaouais,1l 35%,1
letairis,Letairis 100x Clear Lollipops Sticks Acrylic for Home Halloween Chocolate Cake 100x Lolly Chocolate 15.2x0.3cm,1
letairis,Cubes White,1
letairis,300 Pieces Teabags Drawstring Filter Bags Strainer Infuser Pouch Penetration Seal Penetration Seal Tea Bag Powder Spices Teaware 5*7 CM,1
maiding,Trousse ¨¤ cosm¨¦tiques Hello Kitty ma m¨¦lodie ¨¦tui de maquillage bo?te ¨¤ cosm¨¦tiques Sanrio ¨¤ la cannelle chien Pudding petite ¨¦toile double,1
mango,Bulk100g,3
mango,500g,1
marukome,430g,1
maskred,maskred 200pieces Tea Bags Solution For Tea Enthusiasts Everywhere Drawstring white 1Set,1
maskred,maskred 100x Lollipops Sticks Acrylic 2x3cm Festive and Resilient 12.7x0.3cm 2Set,1
merci,100g,4
merci,400g,2
merci,200g,2
merci,112g,2
merci,250g,1
merci?,Milk 200g,1
merci?,Milk 100g,1
merci?,Hazelnut-Cr¨¨me 112g,1
merci?,Hazelnut-Almond 100g,1
merci?,HAZELNUT-CR?ME 112g,1
merci?,Dark 72% 100g,1
merci?,Assorted 200g,1
metrogo!,,64
metrogo!,Small,11
metrogo!,3 sausages per tray,10
metrogo!,Large,6
metrogo!,350g,6
metrogo!,6 sausages per tray,4
metrogo!,2 brochettes per tray,4
metrogo!,8 souvlaki per tray,3
metrogo!,300g,3
metrogo!,2 tournedos per tray,3
metrogo!,2 per tray,3
metrogo!,1un,3
metrogo!,1.9kg,3
metrogo!,1 pack,3
metrogo!,Medium,2
metrogo!,Around 2 per tray,2
metrogo!,Approximately 6 slices,2
metrogo!,550g,2
metrogo!,400ml,2
metrogo!,4 units per tray,2
metrogo!,4 souvlaki per tray,2
metrogo!,4 rillettes per tray,2
metrogo!,4 breasts per tray,2
metrogo!,340g,2
metrogo!,Approximately 5 slices,1
metrogo!,A tray contains on average 700g,1
metrogo!,A tray contains on average 650g,1
metrogo!,800g,1
metrogo!,8 slices per tray,1
metrogo!,8 brochettes per tray,1
metrogo!,700g,1
metrogo!,6x100g,1
metrogo!,675g,1
metrogo!,650g,1
metrogo!,60g,1
metrogo!,600g,1
metrogo!,6 patties per tray,1
metrogo!,6 mushrooms per tray,1
metrogo!,6 chops per tray,1
metrogo!,55g,1
metrogo!,525g,1
metrogo!,500g,1
metrogo!,435g,1
metrogo!,4 thighs per tray,1
metrogo!,4 pinwheels per tray,1
metrogo!,4 kabobs per tray,1
metrogo!,4 chops per tray,1
metrogo!,4 brochettes per tray,1
metrogo!,4 alouettes per tray,1
metrogo!,375g,1
metrogo!,360g,1
metrogo!,325g,1
metrogo!,3 slices per tray,1
metrogo!,3 chops per tray,1
metrogo!,2un,1
metrogo!,295g,1
metrogo!,275g,1
metrogo!,225g,1
metrogo!,210g,1
metrogo!,205g,1
metrogo!,200g,1
metrogo!,2 thighs per tray,1
metrogo!,2 slices per tray,1
metrogo!,2 rouelles per tray,1
metrogo!,2 rosettes per tray,1
metrogo!,2 kabobs per tray,1
metrogo!,2 bochettes per tray,1
metrogo!,180g,1
metrogo!,150g,1
metrogo!,125g,1
metrogo!,100g,1
metrogo!,1.26kg,1
metrogo!,1 per tray,1
mfyjkho,Quick Ramen Noodles For College Dorm Room,1
mfyjkho,DIY Conjoined Ice Cream Silica Gel ice Cream,1
mmirethe,mmirethe White Portable Marinade Easy To Clean And Enhances Flavorful Cooking Reusable And Easy As Shown 1Set,1
mmirethe,mmirethe 200pieces Easy To Carry Tea Filter Bag Drawstring Made With Non-woven Tea Bags white 2Set,1
mmirethe,Neoprene Popsicle Holder Icy Pole Ice Lolly Freezer pole holder Icy pole Pop Sleeve Kids Protector,1
naturSource,"¡¤Premium almonds from California tossed with olive oil & sea salt
¡¤Artisanally dry roasted (never fried)
¡¤Clean label ¨C only 3 ingredients!
¡¤6g of plant-based protein per 28g serving
¡¤3g of fibre per 28g serving
¡¤KETO certified by the Paleo Foundation
¡¤GMO Free",1
,,
naturSource,"pecans and raisins
?Dry roasted nuts (never fried)
?4g of plant-based protein per 28g serving
?2g of fibre per 28g serving
?GMO Free
?Gluten Free",1
,,
naturSource,nuts and seeds,1
naturSource,Salad topper with crunch,1
naturSource,575g,1
nu Pasta,210g,2
nuPasta,210g,6
nurishh,200g,2
nurishh,160g,1
nutybite,120g,2
onlyliua,special anti-spilling food noodle drainer for pot liner Weekly Deals,1
onlyliua,onlyliua up to 60% off Gifts Four Colors Available Thumb Ice Lattice Kitchen Tool Ice Lattice New Modeling Ice Lattice Kitchen Ice Lattice Candle Models Plaster Models,1
onlyliua,onlyliua Household Food Grade 28 Single-layer Ice Tray Manufacturing Machine Ice Cream Storage Box,1
onlyliua,onlyliua Holiday Deals Details About Tea Infuser Strainer Tea Bag Leaf Filter Diffuser Flash Deals,1
onlyliua,onlyliua Handheld Homemade Ice Popsicle Ice Cream Homemade,1
onlyliua,onlyliua Clearance Savings Wood Pulp Cotton Dishwashing Wipe Cleaning Sponge Wipe Double-sided Household Rag Brush Bowl Scouring Pad Kitchen Artifact for Home,1
onlyliua,onlyliua Clearance Handheld Homemade Ice Popsicle Ice Cream Homemade,1
onlyliua,onlyliua Clearance Five Pointed Star Heart Shaped Ice Ice Pellet 26 Shaped,1
onlyliua,onlyliua Clearance Drains Protector Flower Shape Drains Hair Catcher Strainer Snare Reusable Plastic Sewer Anti-Clogging Sink Filter Flash Deals,1
onlyliua,onlyliua Ceramic Mug Scandinavian Striped Cup And Saucer Set A Must-have For A Cozy Office Environment for Indoor/Outdoor,1
onlyliua,onlyliua 304 Stainless Steel Coffee Mug With Lid Thermal Insulation Outdoor Portable Comfortable Handle Heat And Cold Available for Home,1
onlyliua,Up to 95% off Gifts onlyliua Whiskey Wedge + Glass Ice Film Whisky Glass Layered Glass Clearance Items,1
onlyliua,Up to 95% off Gifts onlyliua Details About Tea Infuser Strainer Tea Bag Leaf Filter Diffuser for Indoor/Outdoor,1
onlyliua,Up to 60% off Gifts onlyliua 304 Stainless Steel Coffee Mug With Lid Thermal Insulation Outdoor Portable Comfortable Handle Heat And Cold Available Clearance Items,1
onlyliua,Summer Savings onlyliua Rice Ball Mould Household Children's Rice Bento Mould DIY Seaweed Sushi Mould,1
onlyliua,Plastic Leak Proof Student Lunch Box,1
onlyliua,4-Color Baking Powder Highlighting Powder Repairing Powder And Brightening Holiday Gift Finder,1
paldo,3 Each,1
pimelu,pimelu Vertical 8 Pack Ice Cream Food Grade Stick Ice Homemade Ice Cream Popsicle Model Clearance Up to 45% off,1
pimelu,pimelu Strawberry Scented Candle - Soy Candle - Home Aromatherapy - Holiday Candle Gifts - Candle Gifts For Women - Funny And Unique - Birthday Gifts For Sisters Flash Deal Wal&mart Deals,1
pimelu,pimelu Stainless Steel Manual 12 Inch Beater Stirrer Rubber Plastic Non-slip Handle Summer Savings Wal&mart Deals Thanksgiving Day,1
pimelu,pimelu Sealed Compartment Plastic Lunch Box Can Be Put Into Microwave Oven Student Lunch Box Large Capacity Lunch Box For Office Workers Up to 60% off Summer Savings New Year's Day,1
pimelu,pimelu Portable Electric Fan Rechargeable Cooler Spray Humidifier With USB For Dorm Office Desktop Up to 60% off Wal&mart Deals,1
pimelu,pimelu Portable And Fashionable Stainless Steel Water Cup For Men And Women With Handle Bounce Cover Insulation Cup 450ml Up to 45% off Up to 60% off Halloween,1
pimelu,pimelu New Juicing Cup Multifunction Fresh Juicess Wireless Outdoor Portable Juicing Large Capacity up to 70% off Summer Clearance Hottest Deals Big Savings,1
pimelu,pimelu Household Round Fruit Snacks Sugar Biscuits Striped Fruit Melon Fruit Up to 45% off Wal&mart Deals Halloween,1
pimelu,pimelu Household Round Fruit Snacks Sugar Biscuits Striped Fruit Melon Fruit Deals Summer Clearance Fall Savings up to 70% off,1
pimelu,pimelu Flyer Deals Rose Flower Ice Cocktail Mix Ice Rose Flower 6 With Ice Tray Up to 40% off Big Savings Clearance,1
pimelu,pimelu Double Layer Candy And Dried Fruit Rotating Design Dessert Up to 45% off Wal&mart Deals Boxing Day,1
pimelu,pimelu Clearance Savings Rose Flower Ice Cocktail Mix Ice Rose Flower 4 With Ice Tray Big Savings Hottest Deals up to 90% off,1
pimelu,pimelu Christmas Gifts Clearance Portable Juice Juice Cup Intelligent Student Home Multifunctional Juice Juice Machine Charging Juice Cup Clearance Canada Day Canada Day,1
pimelu,pimelu Christmas Advent Calendar Santa Claus Advent Calendar With 24 Days Pocket Christmas Countdown Hanging Ornaments For Home Office Door Wall Decoration Gifts Summer Clearance Canada Day,1
pimelu,pimelu Children's Intelligent Watch With High-definition Touchscreen And Camera For Video Calls 4G Student Card Pluggable Phone Watch GPS Accurate Positioning Clearance Wal&mart Deals Boxing Day,1
pimelu,pimelu Carton Popsicle Ice Cream Six Popsicle Box Ice Up to 45% off Flash Deal Remembrance Day,1
pimelu,pimelu Bluetooth Headphones Wireless Earbuds Bluetooth 5.1 Sports Earphones With Microphone For Calls Up to 60% off Flash Deal Halloween,1
pimelu,pimelu Bluetooth 5.3 Subwoofer Headband Wireless Headphones - Built-in Microphone Stereo Noise Cancelling Foldable Headphones Up to 45% off Wal&mart Deals Victoria Day,1
pimelu,pimelu 15 Ocean World Dolphin Chocolate Moulds Cake Decoration Candy Moulds DIY Up to 60% off Flash Deal,1
pimelu,pimelu 11Pcs Fruit Vegetable Carving Knife Stainless Steel Knife Holiday Tool Up to 45% off Wal&mart Deals,1
pimelu,Winter Savings Clearance pimelu Pressing Glass Spice Jar MSG Seasoning Storage Sealed Sugar Shaker Kitchen Seasoning Jar Summer Clearance,1
pimelu,Weekly flyer pimelu Strawberry Baking Candy Jelly Bakeware Strawberries Molds For Kids Cupcake Fondant Molds Molds Weekly flyer,1
pimelu,Weekly flyer pimelu All Stainless Steel Pet 3.2L Large Capacity Popular SUS304 Pet Water Dispenser For Cats And Dogs Hottest Deals,1
pimelu,Clearance pimelu Wireless Earbuds Bluetooth 5.0 In Ear-Weight Headphones Built-in Microphone IPX5 Immersive Premium Sound Headset With Charging Case Black Fall Savings,1
pimelu,Clearance Gifts pimelu Coffee Beans Coffee Powder Dry Goods Sealed Container 304 Stainless Steel Sealed Storage Tank The Big Save Up to 40% off Flyer Deals,1
pimelu,Clearance Gifts pimelu Coffee Beans Coffee Powder Dry Goods Sealed Container 304 Stainless Steel Sealed Storage Tank Big Savings The Big Save Up to 40% off,1
pimelu,Bobbles Wal&mart Deals Flash Deal,1
pimelu,Big Savings Clearance pimelu Stay Cool And Dive Into A Sweet Escape With Our 4-Hole Ice Cream Enjoy DIY Ice Cream Ice Pops And Novelties At Home Ice Canada Day,1
pimelu,Bagels and More Fall Savings Home Savings Clearance Clearance Summer Clearance,1
pimelu,ABPWLY Single Hole Sauces Extrusion Bottle Cream Sauces Extrusion Bottle Tomato Salad Sauces Extrusion Sauces Bottle Winter Saving Clearance Winter Savings Christmas Gifts Up to 40% off,1
pimelu,ABPWLY Single Hole Sauces Extrusion Bottle Cream Sauces Extrusion Bottle Tomato Salad Sauces Extrusion Sauces Bottle Winter Saving Clearance Up to 40% off Christmas Gifts Weekly flyer,1
pimelu,ABPWLY Rice Bucket Box Household Sealed Large Capacity Insect Proof Dampness-proof Flour Miscellaneous Grains Press Storage Tank One Click Grain Release With Rice Cup Hottest Deals Winter Savings Chri,1
pimelu,ABPWLY Rice Bucket Box Household Sealed Large Capacity Insect Proof Dampness-proof Flour Miscellaneous Grains Press Storage Tank One Click Grain Release With Rice Cup Hottest Deals Up to 40% off Chris,1
pimelu,ABPWLY Rice Bucket Box Household Sealed Large Capacity Insect Proof Dampness-proof Flour Miscellaneous Grains Press Storage Tank One Click Grain Release With Rice Cup Hottest Deals Deals Christmas Gif,1
pimelu,ABPWLY Accurate Quantitative Seasoning Bottle 0.5g Per Press Household Kitchen Glass Seasoning Tank Proof Sealed Seasoning Bottle Tank Clearance Deals The Big Save Christmas Gifts,1
pimelu,0.5g Each Time Up to 40% offThe Big Save,1
pimelu,-Newly Up to 45% off Clearance,1
pitrice,pitrice Flower Pattern Rotating Candy Box Wedding Favor Box Divided Dried Fruit Plate Snacks Sunflower Seed Container,1
pitrice,pitrice Advent Calendar Christmas Hanging Pendant Gnome Non-woven Fabric DIY Wall Calendary Faceless Man Xmas Tree Decoration Gift Gray,1
pitrice,pitrice 24 Pockets Santa Claus Christmas Advent Calendar Wall Hanging Ornament Snacks Biscuits Home Bedroom Living Room Decoration Red,1
pitrice,Cubes Dark Green,1
pitrice,Advent Calendar Christmas Hanging Pendant Gnome Non-woven Fabric DIY Down Ornaments Wall Calendary Faceless Man Xmas Tree Decoration Gift Gray,1
pitrice,8x10cm,1
popchips,New 142g family size,3
poppycock,300g,4
prAna,ProactivChia Whole Black Chia Seeds 284g,1
prAna,E-PRANA BIOVEGETALIE PRANAORGFLX&CHIA225G,1
prAna,320g,1
re-fiL-ter,Reusable single serve filter,1
relayinert,relayinert Birthday cake with card balloons,1
ruzhgo,Advent Calendar Christmas Hanging Pendant Gnome Non-woven Fabric DIY Wall Calendary Kids DIY Wall Calendary Faceless Man Xmas Tree Decoration Gift Red,1
serony,serony Advent Calendar Christmas Hanging Pendant Gnome Non-woven Fabric DIY Wall Calendary Faceless Man Xmas Tree Decoration Gift Gray,1
serony,serony Advent Calendar Christmas Hanging Pendant Color Matching Door Wall Multifunction Cartoon 3D Doll 3-Layer Gifts Holder Hotel Lobby New Year Green,1
serony,serony 24 Pockets Santa Claus Christmas Advent Calendar Wall Hanging Ornament Snacks Biscuits Home Bedroom Living Room Decoration Red,1
serony,Cubes Dark Green,1
siggi's,650g,14
siggi's,750g,11
siggi's,400g,6
simhoa,simhoa Reusable Metal Cone Paperless Strainer Funnel Golden,1
simhoa,simhoa Mini Espresso Making Machine Manual Coffee Maker Travel Gadgets Black,1
simhoa,simhoa Coffee Cup 200ml Ceramic Coffee Cup Coffee Roasters Espresso Shot Coffee Cup inner white,1
simhoa,Espresso Disc Strainer for Espresso Portafilter Filter 58mm,1
simhoa,Espresso Disc Strainer for Espresso Portafilter Filter 58.5mm,1
simhoa,Espresso Disc Strainer for Espresso Portafilter Filter 53.5mm,1
simhoa,Espresso Disc Strainer for Espresso Portafilter Filter 51.5mm,1
stanreset,100 Pieces Canvas Drawstring Bags Filter Solid Fine Mesh Burlap Color Fine Mesh Reliable Fast Drying Spice Bag for Hold Crafts Tea Leaf 7*9cm,1
taltis Foods,375ml,2
taltis Foods,355ml,2
thinsony,thinsony Flower Pattern Rotating Candy Box Wedding Favor Box Divided Dried Fruit Plate Snacks Sunflower Seed Container,1
thinsony,thinsony 24 Pockets Santa Claus Christmas Advent Calendar Wall Hanging Ornament Snacks Biscuits Home Bedroom Living Room Decoration Red,1
toberich,Reusable Coffee Capsule Pod Filter Cups Set With Spoon Brush Eco Friendly Stainless Steel Mesh Filter Suitable For Dolce Gusto,1
tredstone,tredstone Birthday cake with card balloons,1
tredstone,tredstone Advent Calendar Christmas Hanging Pendant Color Matching Door Wall Multifunction Cartoon 3D Doll 3-Layer Gifts Holder Hotel Lobby New Year Green,1
tredstone,Cubes Light Blue,1
tredstone,Cubes Green,1
trufru,170g,8
trufru,0.57kg,1
two-bite,284g,22
two-bite,400g,3
two-bite,227g,2
two-bite,568g,1
ufehgfjh,ufehgfjh Clearance Rotating Candy Box Double Layer Fruit Tray Fruit Tray Living Room Creational Snack Box Compartment Melon Tray Deals,1
ufehgfjh,ufehgfjh Clearance Rice Barrel Household Insect Proof Water Proof Sealed Food Grade Rice Cylinder Rice Box Flour Barrel Storage Tank Miscellaneous Grain Storage Box Deals,1
ufehgfjh,ufehgfjh Clearance Home Made Ice Cream Set Box For Making Ice Cream Ice Cream Ice Cream Children's Ice Cream Stick Ice Cream Stick Deals,1
ufehgfjh,ufehgfjh Clearance Home Baking Bee Rice Cake Model Critter Cake Model Deals,1
ufehgfjh,ufehgfjh Clearance 50pcs Empty Teabags String Heat Filter Paper Herb Loose Tea Bag Deals,1
ufehgfjh,random color Deals,1
ufehgfjh,Mini Seasoning Box Will Make The Humble Seasoning More Interest Deals,1
unbrand,Set of 4 Creative Potato Chips with Sealing Clips - Perfect for Small Snacks and Home Finishing - Kitchen Supplies,1
unbrand,No-Mess Enjoyment - Ideal for Kids & Adults,1
unbrand,Comes With A Funnel,1
veasfak,68mm,2
veasfak,veasfak Mini Espresso Making Machine Manual Coffee Maker Travel Gadgets Black,1
veasfak,veasfak Glitter Plastic Embellishment Decoration Candy Cakes Boxes 15ml For Christmas Party Birthday red yellow,1
veasfak,veasfak Glitter Plastic Embellishment Decoration Candy Cakes Boxes 15ml For Christmas Party Birthday peacock green,1
veasfak,veasfak Espresso Distribution Tool Set Espresso Hand Stirring Pins Wdt Tools for Cafe 53mm filter,1
veasfak,veasfak Coffee Cup 200ml Ceramic Coffee Cup Coffee Roasters Espresso Shot Coffee Cup inner white,1
veasfak,veasfak Coffee Cone Polish Coffee Basket Stainless Steel Coffee Diameter 120mm,1
vitaminwater,591ml,12
vitaminwater,59ml,1
wilton,1 Each,4
wilton,99g,2
wilton,Woodland Animals12 Each,1
wilton,White255g,1
wilton,White120g,1
wilton,White Roses9g,1
wilton,Sea Life12 Each,1
wilton,Royal Blue120g,1
wilton,Red99g,1
wilton,Red255g,1
wilton,Red120g,1
wilton,Rainbow150 Each,1
wilton,Rainbow Foil72 Each,1
wilton,Pink120g,1
wilton,Pastel4 Each,1
wilton,Mini Rainbow Daisy32 Each,1
wilton,Magical Mix297g,1
wilton,Kelly Green120g,1
wilton,Green40g,1
wilton,Green255g,1
wilton,Gold32g,1
wilton,Gold Sanding Sugar40g,1
wilton,Cupcake12 Each,1
wilton,Confetti Rainbow285g,1
wilton,Bunny24 Each,1
wilton,Blue99g,1
wilton,Black99g,1
wilton,Black120g,1
wilton,Assorted Box78g,1
wilton,4 Piece4 Each,1
wilton,150 Each,1
wilton,12 Each,1
wolftale,wolftale Portable Soup Thermo Cup For Delicious Soups On Move Leak-proof And No Mixing beige 970ml 1Set,1
wolftale,wolftale Made Of Biodegradable Materials Environmentally Friendly Electric Salt Pepper pink,1
wolftale,wolftale Flower Pattern Rotating Candy Box Wedding Favor Box Divided Dried Fruit Plate Snacks Sunflower Seed Container,1
yalin xu,New Arrival Fashion Bag For Ladies,1
yuksok,yuksok Reusable Metal Cone Paperless Strainer Funnel Golden,1
yuksok,yuksok Coffee Cup 200ml Ceramic Coffee Cup Coffee Roasters Espresso Shot Coffee Cup inner white,1
yuksok,yuksok 50Pcs Coffee Filter Paper Basket Filters Paper for Coffee Machine S S,1
yuksok,yuksok 2-3 of pack Candy Cane Kids Belly Dance Stick Hanging Decor 3 Pcs,1
yuksok,yuksok 10ml DIY Colorants Pigments 10ml yellow 10ml lemon yellow,1
yuksok,yuksok 10ml DIY Colorants Pigments 10ml pink,1
yuksok,yuksok 10ml DIY Colorants Pigments 10ml brown,1
yuksok,yuksok 10ml DIY Colorants Pigments 10ml 10ml rose red,1
yuksok,Coffee Filter Screen Espresso Filtration Screen for Espresso Portafilter Filter 58.5mm,1
zanvin,Easter Lovely Rabbit Tea Bag Hanging Fixed Tea Bag Fixed Tea Bag Tea Cup Wall Decoration Rabbit Differentiator,2
zazubean,85g,1
zazubean,80g,1
ziyahi,ziyahi Flower Pattern Rotating Candy Box Wedding Favor Box Divided Dried Fruit Plate Snacks Sunflower Seed Container,1
?mile No?l,1l,1
?rable des Appalaches,250g,1
?rable des Appalaches,120g,1
?le d'Orl¨¦ans,70g,1
?le-aux-Grues,150g,1
