units,unit_count
EA,4653
,3681
200g,2722
500g,2409
400g,2259
100g,1998
300g,1941
454g,1819
340g,1726
250g,1584
1l,1500
150g,1377
500ml,1300
170g,1101
375g,1085
450g,1041
600g,1037
750g,1028
227g,943
1kg,919
473ml,851
355ml,820
250ml,794
350g,776
946ml,754
2l,742
175g,715
PK,680
120g,676
907g,674
650g,661
900g,656
398ml,640
180g,639
240g,610
125g,575
750ml,526
540ml,514
1ea,502
800g,497
50g,497
1.89l,490
320g,486
1.5l,475
680g,473
85g,472
142g,467
700g,422
425g,412
280g,407
225g,396
80g,381
210g,365
2kg,353
350ml,352
160g,349
90g,348
284ml,340
40g,335
140g,335
360g,330
375ml,321
113g,314
220g,301
LB,299
1un,291
60g,290
284g,288
255g,287
400ml,283
75g,268
283g,266
675g,264
156g,262
1.75l,260
70g,253
550g,251
198g,248
6 Each,246
450ml,245
796ml,243
270g,241
Current price: EA,239
1 Each,238
275g,231
325g,230
200ml,230
850g,229
130g,229
300ml,226
12x355.0ml,224
1.54l,217
12 Each,216
908g,213
650ml,209
480g,205
235g,205
540g,202
380g,198
260g,196
425ml,193
190g,184
330g,183
591ml,182
410g,182
48ml,178
312g,174
12x355ml,172
165g,171
4 Each,170
30g,169
155g,168
4l,166
35g,165
110g,165
510g,164
BX,160
45g,157
28g,155
420g,153
135g,151
226g,148
12un,148
710ml,147
680ml,147
230g,147
20ea,145
1.36kg,144
397g,143
145g,143
1.5kg,141
473 Millilitre,140
341ml,138
900ml,136
65g,136
Bulk100g,135
390g,135
141g,135
$6.59/1kg $2.99/1lb,135
24g,134
25g,133
168g,133
560g,132
285g,131
475ml,130
325ml,130
Current price: LB,129
EA,127
12ea,126
12 x 355ml,124
414ml,123
32g,122
30ea,122
398 Millilitre,119
368g,119
355 Millilitre,118
128g,117
20un,116
1 Litre,114
336g,113
1.2kg,113
567g,112
$8.80/1kg $3.99/1lb,112
500 Millilitre,111
1 piece,111
42g,110
3l,110
1.81kg,110
946 Millilitre,109
60ea,109
515ml,109
640g,108
700ml,105
228g,105
10un,105
1.36l,105
1 per tray,105
"                                                    EA
",105
,
2lbs,104
213g,104
132g,104
4 x 100g,103
290g,102
99g,101
55g,101
354ml,101
$5.49/1kg $2.49/1lb,100
57g,99
480ml,99
453g,99
185g,99
250 Millilitre,96
624g,95
1 bunch,95
66g,94
440g,94
$11.00/1kg $4.99/1lb,94
430g,93
410ml,93
330ml,93
$4.39/1kg $1.99/1lb,93
890ml,92
340ml,92
20g,92
14g,92
68g,91
105g,91
1.13kg,91
315g,90
2.5kg,90
1.8kg,90
8 Each,89
625g,89
365g,89
115g,88
396g,87
Sold individually,86
828ml,86
475g,86
37g,86
960ml,84
460g,84
150ml,84
1.4kg,84
1.65l,82
310ml,81
106g,81
525g,80
630g,79
370g,78
58g,77
1.42l,77
296ml,76
190ml,76
5 Each,74
$13.21/1kg $5.99/1lb,74
4x100.0g,73
427g,73
12 per pack,73
8kg,72
720g,72
252g,72
520g,71
455ml,71
43g,71
"Previous price: 
Current price: EA",70
,
20 Each,70
2.27kg,70
52g,69
261g,69
2 per tray,69
16un,69
1.89 Litre,69
$15.41/1kg $6.99/1lb,69
4x355.0ml,68
4.54kg,68
295ml,68
2 Litre,68
326g,67
2?l,67
245g,67
20 per pack,66
Sold in singles,65
6x222.0ml,65
224g,65
10ea,65
108g,65
10 Each,65
269g,64
114g,64
600ml,63
5kg,63
30un,63
284 Millilitre,63
184g,63
182g,63
125ml,63
568g,62
1000g,62
620g,61
570g,61
345g,61
2 lb,61
133g,61
56g,60
342g,60
95g,59
725g,59
370ml,59
33g,59
1.66l,59
38g,58
24 Each,58
215g,58
448g,57
240ml,57
6x330.0ml,56
6x222ml,56
415g,56
36g,56
112g,56
48g,55
1.6kg,55
($4.99 per item),55
$22.02/1kg $9.99/1lb,55
383g,54
310g,54
21g,54
148g,54
$9.90/1kg $4.49/1lb,54
212g,53
191g,53
92g,52
540 Millilitre,52
8x200.0ml,51
8un,51
6un,51
64g,51
4x100g,51
43ml,51
295g,51
292g,51
154g,51
595g,50
430ml,50
375 Millilitre,50
3 Each,50
237ml,50
12 x 100g,50
78g,49
72g,49
3lbs,49
148ml,49
1.6l,49
575g,48
384g,48
34g,48
303g,48
18un,48
1.4l,48
1.1kg,48
840g,47
440ml,47
297g,47
2.5l,47
127g,47
591 Millilitre,46
444ml,46
265g,46
177g,46
86g,45
695ml,45
39g,45
385g,45
213ml,45
152g,45
1000ml,45
1.75kg,45
98g,44
825g,44
54g,44
1?l,44
750 Millilitre,43
6 x 222ml,43
580g,43
425 Millilitre,43
311g,43
225ml,43
138g,43
$24.23/1kg $10.99/1lb,43
Perfect Every Time?,42
8x200ml,42
660g,42
515g,42
482g,42
354g,42
16ea,42
116g,42
1.89?l,42
1.18l,42
$7.69/1kg $3.49/1lb,42
450 Millilitre,41
208g,41
2.63l,41
2 Each,41
1.3kg,41
81g,40
6x710ml,40
503ml,40
144g,40
126g,40
1.02kg,40
($3.99 per item),40
$19.82/1kg $8.99/1lb,40
8 x 200ml,39
6x500.0ml,39
4 x 355ml,39
341g,39
26g,39
205g,39
136g,39
($5.99 per item),39
96g,38
79g,38
48 Millilitre,38
468g,38
3 lb,38
270ml,38
264g,38
12 eggs,38
1.25kg,38
$5.99 ,38
780g,37
428ml,37
369g,37
29g,37
2.5lbs,37
10g,37
($1.99 per item),37
740g,36
71g,36
455g,36
439g,36
41g,36
405g,36
206g,36
120ea,36
$2.84/1kg $1.29/1lb,36
77g,35
4kg,35
496g,35
288g,35
27g,35
204g,35
120ml,35
119g,35
($2.49 per item),35
60ml,34
502ml,34
4x200.0ml,34
490ml,34
490g,34
290ml,34
195g,34
10x200.0ml,34
102g,34
1.7kg,34
794g,33
6x355.0ml,33
580ml,33
445ml,33
258g,33
153g,33
12x100.0g,33
100ml,33
$20.00/1kg,33
$2.99 ,33
90ea,32
73g,32
6x93.0ml,32
6x591.0ml,32
660ml,32
547ml,32
4un,32
460ml,32
405ml,32
306g,32
1lb,32
176g,32
16x100g,32
16g,32
164g,32
16 Each,32
$3.99 ,32
6 x 93ml,31
53g,31
50ml,31
426g,31
360ml,31
355g,31
298g,31
262g,31
24un,31
900 Millilitre,30
710 Millilitre,30
6x473.0ml,30
63g,30
590g,30
560ml,30
51g,30
432g,30
3ea,30
350 Millilitre,30
272g,30
241g,30
104g,30
($4.49 per item),30
($2.99 per item),30
$28.64/1kg $12.99/1lb,30
$26.43/1kg $11.99/1lb,30
Current price: PK,29
710g,29
62g,29
59ml,29
44g,29
344g,29
276g,29
275ml,29
24ea,29
22g,29
2.84l,29
156ml,29
Sold in bunches,28
8x355ml,28
69g,28
610g,28
6 x 330ml,28
383ml,28
351g,28
283ml,28
280ml,28
248g,28
18ea,28
135ml,28
10kg,28
1.12kg,28
$7.99 ,28
$6.61/1kg $3.00/1lb,28
930g,27
730g,27
650 Millilitre,27
4.25g,27
3.5lbs,27
232g,27
203g,27
2 per pack,27
185ml,27
170ml,27
12x40g,27
1.54 Litre,27
($3.49 per item),27
$3.28/1kg $1.49/1lb,27
800ml,26
796 Millilitre,26
760g,26
645ml,26
47g,26
400 Millilitre,26
200 Millilitre,26
16x100.0g,26
121g,26
1.36 Litre,26
960g,25
905g,25
83g,25
6x93ml,25
6x591ml,25
640ml,25
544g,25
530ml,25
528g,25
510ml,25
456g,25
304g,25
285ml,25
18 per pack,25
15g,25
158g,25
1.28kg,25
1 lb,25
$4.99 ,25
$30.00/1kg,25
$2.18/1kg $0.99/1lb,25
$12.10/1kg $5.49/1lb,25
740ml,24
6x500ml,24
637g,24
620ml,24
6 x 113g,24
4x250ml,24
4x200ml,24
492g,24
485g,24
390ml,24
354 Millilitre,24
333ml,24
317g,24
305g,24
30 per pack,24
180ml,24
14un,24
1.65 Litre,24
$17.62/1kg $7.99/1lb,24
875g,23
690g,23
678g,23
6 x 710ml,23
585g,23
520ml,23
48ea,23
37.5g,23
3.63kg,23
3 per pack,23
189g,23
15x20cm,23
134g,23
131g,23
130ml,23
124g,23
123g,23
12 Count,23
100ea,23
1.75 Litre,23
1.5 Litre,23
1 pack,23
8x355.0ml,22
84g,22
720ml,22
635g,22
5 bars,22
452g,22
4 x 200ml,22
4 per tray,22
4 Litre,22
380ml,22
31g,22
216ml,22
1pc,22
157g,22
13g,22
118g,22
($5.49 per item),22
$34.90/1kg,22
$25.33/1kg $11.49/1lb,22
$25.00/1kg,22
$1.99 ,22
8x330.0ml,21
8g,21
88g,21
830g,21
6x710.0ml,21
532ml,21
4lbs,21
4ea,21
411g,21
408g,21
4 x 250ml,21
352g,21
314ml,21
296g,21
296 Millilitre,21
24 per pack,21
238g,21
18 Each,21
172g,21
167g,21
129g,21
11g,21
1 Pound,21
$39.90/1kg,21
$3.49 ,21
$19.90/1kg,21
$17.61/1kg $7.99/1lb,21
Sold Exclusively at Walmart,20
Current price: BX,20
956ml,20
945ml,20
925g,20
737g,20
6x100.0ml,20
615g,20
6 per pack,20
550ml,20
4x99.0g,20
4x355ml,20
4x330.0ml,20
4x250.0ml,20
470g,20
435g,20
4 x 99g,20
4 x 100g Greek Yogurt Cups,20
395g,20
335g,20
328g,20
295 Millilitre,20
263g,20
24x355.0ml,20
247g,20
23g,20
192g,20
18g,20
14ea,20
142ml,20
12g,20
117g,20
1.19kg,20
0.13 - 0.18kg,20
($1.49 per item),20
$6.99 ,20
$35.25/1kg $15.99/1lb,20
980g,19
960 Millilitre,19
950g,19
94g,19
7g,19
74g,19
59g,19
530g,19
50ea,19
504g,19
5 lb,19
49g,19
40 Each,19
376g,19
325 Millilitre,19
308g,19
216g,19
185gx4,19
10 per pack,19
($1.79 per item),19
$3.73/1kg $1.69/1lb,19
$29.90/1kg,19
80ea,18
8 x 55ml,18
8 x 355ml,18
775g,18
6x355ml,18
516g,18
4x473ml,18
418ml,18
40ml,18
4 x 95g,18
372g,18
341 Millilitre,18
338g,18
282g,18
236ml,18
207ml,18
177ml,18
16 x 100g,18
1500g,18
12oz,18
1200g,18
12 x 68g,18
100un,18
1 roast per tray,18
$4.41/1kg $2.00/1lb,18
$30.84/1kg $13.99/1lb,18
$23.13/1kg $10.49/1lb,18
error,17
944ml,17
852g,17
8 x 330ml,17
790g,17
6x113g,17
68mm,17
642ml,17
48 per pack,17
475 Millilitre,17
40un,17
384ml,17
349g,17
250mlx6,17
187g,17
171g,17
147g,17
12x68g,17
12x100g,17
12s,17
12 oz,17
1.1l,17
($6.99 per item),17
$8.98 ,17
$3.95/1kg $1.79/1lb,17
sell quantity 750g,16
Pack of 20 Tea Bags,16
9.07kg,16
85ml,16
708g,16
6x330ml,16
6 x 500ml,16
588g,16
535g,16
50 Each,16
4x99g,16
330mlx6,16
318g,16
259g,16
24 x 355ml,16
234g,16
200 xml,16
2.3kg,16
2.25kg,16
137g,16
12x40.0g,16
1.77l,16
1.15kg,16
1.05kg,16
0.225kg,16
($0.99 per item),16
$9.99 ,16
$39.66/1kg $17.99/1lb,16
$33.05/1kg $15.00/1lb,16
$2.49 ,16
$2.00/100g,16
$16.51/1kg $7.49/1lb,16
Fresh1 Each,15
97g,15
950ml,15
8ea,15
822g,15
816g,15
815g,15
793g,15
72 per pack,15
709g,15
6x1l,15
685g,15
60 Each,15
6 x 60g,15
6 x 355ml,15
5x24g,15
5 x 200ml,15
48un,15
481g,15
4 x 50g,15
3un,15
314g,15
300 Millilitre,15
271g,15
25un,15
253g,15
24x500.0ml,15
18 Pellets,15
122g,15
118ml,15
100gx5,15
10 bars,15
1 steak per tray,15
$4.26/1kg $1.93/1lb,15
$10.99 ,15
87g,14
765g,14
72ea,14
6x1.0l,14
681g,14
6 x 250ml,14
57ml,14
565g,14
521g,14
515 Millilitre,14
5 x 24g,14
4x90.0g,14
4x473.0ml,14
4pcs,14
458ml,14
44ml,14
436g,14
420ml,14
40ea,14
374g,14
365ml,14
340 Millilitre,14
323g,14
30ml,14
301g,14
3 per tray,14
281g,14
268g,14
267g,14
251g,14
212ml,14
2.2kg,14
2 steaks per tray,14
186g,14
160ml,14
140ml,14
12 count,14
1.08kg,14
($1.29 per item),14
$5.51/1kg $2.50/1lb,14
$2.50/100g,14
$15.43/1kg $7.00/1lb,14
Pack of 20,13
Large,13
Fresh100g,13
Family Pack,13
Collectibles Figures Gift for Kids #064 A,13
946ml Coffee Whitener,13
8x300.0ml,13
8 x 300ml,13
8 x 100g,13
6x80.0ml,13
6pcs,13
693g,13
638g,13
61g,13
4x107.0ml,13
"4pcs, Cold",13
488g,13
46g,13
437ml,13
423g,13
400 g total,13
4 per pack,13
3kg,13
337g,13
331g,13
30 Each,13
3 lb Bag,13
295 xml,13
227ml,13
2 lb Bag,13
199g,13
187.5gx4,13
16 per pack,13
16 Wrapped Tea Bags,13
151g,13
15 Sticks,13
12x500ml,13
12x341.0ml,13
12x340ml,13
1.9l,13
1.66 Litre,13
1.17kg,13
$8.99 ,13
$8.82/1kg $4.00/1lb,13
$7.98 ,13
$41.87/1kg $19.00/1lb,13
$37.46/1kg $17.00/1lb,13
$14.99 ,13
$1.50/100g,13
each,12
Ready to Serve Soup 515ml,12
Raw,12
Powder Spreading Bot,12
Convenient To Use,12
8x93.0ml,12
8x56g,12
8x55.0ml,12
8x330ml,12
890 Millilitre,12
820g,12
8 bars,12
715g,12
6kg,12
6X93ml,12
648ml,12
6 x 591ml,12
6 per tray,12
576g,12
501g,12
4x95g,12
4x88ml,12
4x120g,12
4x107ml,12
48 count,12
348g,12
343g,12
324g,12
3 sausages per tray,12
2ea,12
245ml,12
242ml,12
215ml,12
20 tea bags,12
2.85kg,12
194g,12
178ml,12
173g,12
166g,12
163g,12
15 per pack,12
143g,12
12 x 120ml,12
10 x 200ml,12
10 lb,12
1.8l,12
1.75?l,12
1 EA,12
0.9l,12
0.907kg,12
0.475kg,12
0.142kg,12
$9.98 ,12
$48.48/1kg $22.00/1lb,12
$44.07/1kg $20.00/1lb,12
$4.49 ,12
$15.00/1kg,12
$14.98 ,12
$12.99 ,12
whole grain microwave popcorn with a high source of fibre and gluten free,11
Toaster pastries,11
Small,11
A tray contains on average 450g,11
925ml,11
8x300ml - mini bottles,11
8x100.0g,11
860ml,11
82g,11
80un,11
80 Each,11
75ml,11
72un,11
6ea,11
608g,11
601g,11
6 x 100g,11
6 un - 450g,11
50un,11
4x80g,11
455 Millilitre,11
43 Millilitre,11
410 Millilitre,11
3x88.0ml,11
3x72ml,11
363g,11
348ml,11
346g,11
320ml,11
30 Count,11
3.78l,11
3 lb bag,11
256g,11
210ml,11
2.26kg,11
196g,11
18 Pieces3 Each,11
161g,11
1300g,11
12x50g,11
12 x 341ml,11
1.9kg,11
1.75 xl,11
1.5 lb,11
1.35kg,11
0.5kg,11
0.35kg,11
($6.49 per item),11
$5.49 ,11
$40.00/1kg,11
$4.25/1kg $1.93/1lb,11
$32.90/1kg $14.93/1lb,11
$3.00/100g,11
$29.74/1kg $13.49/1lb,11
$16.07/1kg $7.29/1lb,11
$14.31/1kg $6.49/1lb,11
~3lbs,10
Cubes Dark Green,10
90ml,10
8pcs,10
8 x 56g,10
8 ct,10
6x60g,10
675?g,10
648g,10
641g,10
625 Millilitre,10
6 un - 510g,10
5g,10
558ml,10
552g,10
545g,10
539g,10
4x123g,10
4x113.0g,10
495g,10
480 Millilitre,10
472ml,10
46ml,10
428g,10
4.5kg,10
4 x 125g,10
3x80g,10
3x43g,10
3x200ml,10
395ml,10
391g,10
334g,10
319g,10
313g,10
309g,10
3.18kg,10
3 x 88ml,10
2x150g,10
243ml,10
237g,10
231g,10
218ml,10
200GM,10
2.64LTR,10
2.268kg,10
193g,10
17g,10
178g,10
162g,10
15x222ml,10
147ml,10
12x120.0ml,10
120gx5,10
107g,10
100Pcs/Lot Teabags Lightweight Empty Square Cooking Spice Scented Tea Bags with Seal Filter Paper Natural Drawstring Herb Pouch 100pcs 6x8cm,10
100 per pack,10
10 oz,10
1.814kg,10
1.5lbs,10
1.54 xl,10
1.42 Litre,10
1.275kg,10
0.4kg,10
0.45kg,10
0.375kg,10
0.34kg,10
($7.99 per item),10
$8.36/1kg $3.79/1lb,10
$57.30/1kg $26.00/1lb,10
$5.05/1kg $2.29/1lb,10
$32.90/1kg,10
$15.99 ,10
PK,10
~2lbs,9
sliced,9
Yellow One Size,9
Value Pack,9
Noodle Soup,9
Microwavable,9
Green One Size,9
Gloss Gold,9
Cubes Purple,9
Cubes Green,9
Black One Size,9
904g,9
8x150.0ml,9
8x120.0ml,9
887ml,9
880g,9
860g,9
835g,9
80gx3,9
8 x 93ml,9
8 oz,9
785g,9
635ml,9
628g,9
60gx6,9
6 oz,9
594g,9
562g,9
55gx2,9
546ml,9
52ml,9
503 Millilitre,9
4x275.0ml,9
498g,9
465g,9
464g,9
444g,9
444 Millilitre,9
443ml,9
418g,9
404g,9
4 x 473ml,9
4 x 113g,9
3x90ml,9
3x88ml,9
3x18un,9
384 Millilitre,9
369ml,9
2un,9
294g,9
28 x 50ml,9
272ml,9
246g,9
244g,9
237 Millilitre,9
235 G,9
202g,9
20 ct,9
2.72kg,9
2 chops per tray,9
188g,9
1810g,9
180ea,9
15ml,9
15lbs,9
150g Bag,9
149g,9
12x355ml - cans,9
111g,9
10x355ml,9
10x355.0ml,9
10x180.0ml,9
101g,9
100Pcs/Lot Teabags Lightweight Empty Square Cooking Spice Scented Tea Bags with Seal Filter Paper Natural Drawstring Herb Pouch 100pcs 7x9cm,9
100 GR,9
1.65kg,9
1.18 Litre,9
1 x 250ml,9
1 bun - 100g,9
0.12 - 0.24kg,9
$6.49 ,9
$5.93/1kg $2.69/1lb,9
$5.49/1kg,9
$35.00/1kg,9
$27.54/1kg $12.50/1lb,9
$24.90/1kg,9
$22.69/1kg $10.29/1lb,9
$18.72/1kg $8.49/1lb,9
$17.99 ,9
$13.99 ,9
$13.87/1kg $6.29/1lb,9
$11.00/1kg,9
sell quantity 540ml,8
imported from Italy,8
White One Size,8
Potato Chips200g,8
Popcorn Chips,8
Pack of 3,8
Indian snacks,8
Grab N'Go600g,8
A bag contains on average 1000g,8
9kg,8
994g,8
93g,8
8x55ml,8
879g,8
870g,8
85gx5,8
810g,8
80gx4,8
8.5g,8
768g,8
754g,8
739ml,8
739 Millilitre,8
709ml,8
6x60.0g,8
6x250ml,8
6x20g,8
6x200.0ml,8
685ml,8
67g,8
672g,8
670g,8
665g,8
650g Yogurt Tub,8
645 Millilitre,8
616g,8
60gx4,8
538g,8
511g,8
4x95.0g,8
4x90g,8
4x60ml,8
4x140.0ml,8
4x113.5g,8
473ml Ice Cream,8
469g,8
454ml,8
44 Millilitre,8
42 count,8
414 Millilitre,8
402g,8
40 pieces,8
4 x 140ml,8
4 x 120g,8
3x80.0g,8
3x250.0ml,8
399g,8
398g,8
370 Millilitre,8
370,8
347g,8
335ml,8
30gx12,8
3 steaks per tray,8
2x125g,8
2x114g,8
2lb,8
289g,8
26gx20,8
266g,8
260ml,8
25ea,8
24x500ml,8
24x120.0ml,8
235ml,8
2.54l,8
2 servings,8
2 Pound,8
1bunch,8
16x48.0g,8
163ml,8
159g,8
148 Millilitre,8
12x60ml,8
12x355ml - cans,8
12x341ml,8
1250g,8
12 Slices,8
113.4g,8
10x50ml,8
10x200ml,8
100gx4,8
100 Each,8
10 EA,8
1.68kg,8
1.66 L Frozen Dessert,8
1.5 LT,8
1 lb Bag,8
0.946l,8
0.3kg,8
0.2kg,8
0.25kg,8
($5.29 per item),8
($2.19 per item),8
$68.32/1kg $31.00/1lb,8
$46.27/1kg $20.99/1lb,8
$36.90/1kg,8
$35.90/1kg,8
$20.92/1kg $9.49/1lb,8
$19.99 ,8
$11.99 ,8
$11.02/1kg $5.00/1lb,8
~2.5lbs,7
Pack of 8,7
Pack of 6 Bags6 Each,7
Pack of 6,7
Pack of 4,7
Pack of 1,7
One 40ml bubly drops ? bottle,7
Made with real cheese,7
Flash Deals,7
Cubes Rose Red,7
Cubes Light Blue,7
Coffee,7
A tray contains on average 1200g,7
992g,7
975g,7
948ml,7
947ml,7
920g,7
90gx5,7
8x150ml,7
8x100g,7
80 per pack,7
788g,7
774g,7
770g,7
76g,7
765ml,7
72 Each,7
70gx5,7
6x250.0ml,7
6x156.0ml,7
695g,7
695 Millilitre,7
680 Millilitre,7
65gx4,7
631g,7
6.8kg,7
6 x 68g,7
6 x 156ml,7
6 eggs,7
6 cakes,7
6 bagels,7
5un,7
591g,7
582g,7
530 Millilitre,7
50gx4,7
5 x 140ml,7
4x90?g,7
4x60.0ml,7
4x135ml,7
487ml,7
470ml,7
458 Millilitre,7
450 GR,7
422g,7
400G,7
4 x 90g pouches (360g),7
4 x 60ml,7
4 pack,7
4 in - 300g,7
3x100ml,7
394ml,7
367g,7
366g,7
362ml,7
357g,7
355mlx12,7
353g,7
352ml (4 x 88ml),7
330gx6,7
32ea,7
329g,7
316g,7
315ml,7
30 count,7
3 oz,7
3 Litre,7
2x90g,7
297ml,7
28x50.0ml,7
28ml,7
280gm,7
26.4g,7
256ml,7
255.15g,7
24x591.0ml,7
22un,7
225 Millilitre,7
213 Millilitre,7
20oz,7
201g,7
2.6lbs,7
2.63 Litre,7
2.4lbs,7
2 x 150g,7
181g,7
18 Count,7
16x45g,7
16x45.0g,7
16oz,7
155ml,7
15 Each,7
14 T-Discs,7
14 Each,7
12x90g,7
12x60g,7
12x52g,7
125 Millilitre,7
12 x 500ml,7
12 Pellets,7
1100g,7
11 Slices,7
10ml,7
100mlx4,7
100Pcs/Lot Teabags Lightweight Empty Square Cooking Spice Scented Tea Bags with Seal Filter Paper Natural Drawstring Herb Pouch 100pcs 5.5x7cm,7
100,7
1.82kg,7
1.74l,7
1.6lbs,7
1.47kg,7
1 x 355ml,7
0.6kg,7
($8.99 per item),7
($6.29 per item),7
($0.79 per item),7
$9.46/1kg $4.29/1lb,7
$9.24/1kg $4.19/1lb,7
$7.49 ,7
$52.89/1kg $24.00/1lb,7
$50.68/1kg $22.99/1lb,7
$4.37/1kg $1.98/1lb,7
$37.90/1kg,7
$3.98 ,7
$3.49/100g $15.83/1lb,7
$3.31/1kg $1.50/1lb,7
$24.99 ,7
$21.58/1kg $9.79/1lb,7
$13.98 ,7
$10.34/1kg $4.69/1lb,7
sell quantity 120g,6
Yellow,6
Theatre Box100g,6
Sliced100g,6
"Previous price: 
Current price: PK",6
,
Pack of 6; 450g,6
Original200g,6
Mini Cheddar Cheese Nibs Snak Paks6 Each,6
Keurig K-Cup 12ct Pod,6
Indian cookies,6
Herbal,6
Fruit Food Candy Stand For Christmas,6
Detachable Safe For Families And Coffee Shops l 1000ml,6
Dark Roast340g,6
Cold Brew Coffee Filter Coffee Brew Infuser Stainless Steel Coffee Brew Infuser Cold Brew Coffee Strainer Cone Cold Brew Coffee Filter 304 Stainless Steel Cold Brew Coffee Filter,6
Blue One Size,6
B One Size,6
9g,6
990ml,6
977g,6
95ml,6
93ml x 6,6
935g,6
92ml,6
9 Pieces per Blister Pack,6
8x93ml,6
8x355ml - bottle,6
8x300ml,6
8x13g,6
896g,6
864g,6
85gx4,6
850ml,6
828g,6
8 x 150ml,6
8 x 120ml,6
8 per pack,6
7kg,6
792g,6
75gx5,6
750g Greek Yogurt Tub,6
735g,6
700 Millilitre,6
6x98g,6
6x98.0g,6
6x75.0g,6
6x35.0ml,6
6x340.0ml,6
6x335.0ml,6
6x113.0g,6
68 g (Pack of 6),6
655g,6
640 g.,6
628ml,6
619g,6
60un,6
600 g total,6
600 g (serves 6),6
600 Millilitre,6
6.21l,6
6 x 50g,6
6 x 237ml,6
6 x 200ml,6
6 un - 480g,6
6 buns,6
6 PCS English Muffin Rings Preservative For Hamburger For Cake 8cm / 3.1in,6
5x28g,6
5gx30,6
5ea,6
587g,6
58.5mm,6
574g,6
55gx5,6
526g,6
52 Millilitre,6
512g,6
50pcs Empty Teabags String Heat Filter Paper Herb Loose Tea Bag,6
50gx8,6
50 per pack,6
5-7kg,6
5% proteins,6
5 x 35g,6
5 per tray,6
4x68ml,6
4x60g,6
4x52g,6
4x50g,6
4x4.0ea,6
494g,6
493g,6
479ml,6
476g,6
437g,6
435ml,6
430 Millilitre,6
42ml,6
426ml,6
4 x 58g,6
4 x 330ml,6
4 x 130ml,6
4 x 107ml,6
4 muffins,6
4 chops per tray,6
4 Pound,6
395 Millilitre,6
378g,6
376ml,6
361g,6
339g,6
333g,6
333 Millilitre,6
322g,6
310mlx6,6
30x60.0ml,6
3000ml,6
3.62 kg (8 lb),6
3 x 72ml,6
3 x 100ml,6
3 pack,6
2x150.0g,6
290 Millilitre,6
284 g - Ground Coffee,6
28.4g,6
278g,6
27 x 150ml,6
250 GR,6
24x591ml,6
24x13g,6
243g,6
24 tea bags,6
233g,6
221g,6
20ml,6
20gx20,6
207g,6
200?g,6
200 gr,6
2 x 125g,6
2 pack,6
1g,6
1box,6
1X150g Tub,6
1Ltr,6
174g,6
15x222.0ml,6
15un,6
150gx2,6
12 x 95g,6
12 x 60ml,6
12 x 310ml,6
1176g,6
113.5g,6
11.2g,6
10x88ml,6
10x50.0ml,6
109g,6
105ml,6
105gx5,6
104gx5,6
100g x 4,6
10 x 180ml Pouches,6
1.81 kg (4 lb),6
1.5?l,6
1.36?l,6
1.24kg,6
1.23l,6
1.06kg,6
1 Tray,6
1 Kg,6
1,6
0.7kg,6
0.68kg,6
0.454kg,6
0.40 - 1.00kg,6
0.368kg,6
0.328kg,6
0.275kg,6
0.1kg,6
($2.29 per item),6
($2.00 per item),6
($1.69 per item),6
($1.00 per item),6
$66.12/1kg $30.00/1lb,6
$6.98 ,6
$59.50/1kg $27.00/1lb,6
$55.09/1kg $25.00/1lb,6
$45.90/1kg,6
$44.90/1kg $20.37/1lb,6
$4.14/1kg $1.88/1lb,6
$20.99 ,6
$2.99/100g $13.57/1lb,6
$2.98 ,6
$10.56/1kg $4.79/1lb,6
Filtering Effect Puck Screen For Kitchen 100¦Ìm,6
sucralose,5
sell quantity 200g,5
makes 9 liters,5
Wweixi 100Pcs/Lot Teabags Lightweight Non-woven Fabrics Cooking Scented Tea Bags Loose Strainer Drawstring Herb Pouch TYPE5 100pcs 8x10cm,5
White,5
Vegetable Chips,5
V60 12x11.6x4 Cm / 4.7x4.6x1.6 In,5
Sliced Pound Cake,5
Sea Salted350g,5
Plastic Akmoler,5
Pack of 50 Tea Bags,5
Pack of 100,5
PERFECT EVERY TIME?,5
PERFECT AS A SIDE DISH TO ANY MEAL.,5
Original100g,5
Organic durum wheat semolina pasta,5
Net Weight 2.5lbs / 40oz,5
Mario's Cooked Ham 340g,5
Just Add Liquid 360g,5
Just Add Liquid - 360g,5
Hot Pink One Size,5
Gluten Free600g,5
Garosa 5Pcs 304 Stainless Steel Coffee Filter Portable Detachable Coffee Pot Mesh Filter Accessory,5
Fresh350g,5
For Casadio,5
Dairy-Free 946ml,5
Dairy-Free,5
Corned Beef 340g,5
Butter,5
Brown Rice Chips100g,5
Box of 12 K-Cup? pods,5
A fast and easy authentic culinary adventure awaits,5
A One Size,5
A Delightfully Refreshing and Tangy Treat,5
946ml Shelf Stable Plant Based Milk,5
93 Millilitre,5
91g,5
910g,5
865g,5
845g,5
828 Millilitre,5
814g,5
808g,5
8 x 250ml,5
8 x 14g,5
8 Pound,5
772g,5
75gx6,5
75g x 5,5
75ea,5
755g,5
744g,5
730ml,5
725ml,5
70gx4,5
7 oz,5
6x90.0ml,5
6x30.0g,5
6x125ml,5
6x111.0g,5
6g,5
694g,5
68mm Ay Tsao,5
68mlx6,5
648 Millilitre,5
645g,5
630ml,5
60 Millilitre,5
6 x 90ml,5
6 x 35ml,5
6 un - 340g,5
6 un - 300g,5
6 chops per tray,5
5x140.0ml,5
5lbs,5
5l,5
593g,5
59.5g,5
564g,5
558g,5
553g,5
505g,5
50 Millilitre,5
5 x 25g,5
5 Pound,5
4x58g,5
4x55.0ml,5
4x500.0ml,5
4x125.0g,5
4x120.0g,5
4x114g,5
4g,5
473ml - can,5
472g,5
45ea,5
457g,5
454 g - Whole Bean Coffee,5
445g,5
424g,5
417g,5
405 Millilitre,5
40 count,5
4 x 55ml,5
4 x 275ml,5
4 x 112.5ml,5
4 oz,5
4 lb,5
4 L bag,5
3x90.0ml,5
3x100.0ml,5
390 g total,5
380 g / pack,5
377ml,5
35gx15,5
340,5
336 g total,5
332ml,5
30x355.0ml,5
300mlx6,5
3.17kg,5
3-5kg,5
3 x 80g,5
3 x 78g,5
3 Pound,5
2x130g,5
2pcs Coffee Press Filters Stainless Steel For Coffee House 4 Servings,5
296 g total,5
28gx30,5
283.5g,5
28.3g,5
265ml,5
25ml,5
25 Count,5
24x200.0ml,5
24PCS Cute Cartoon Puppy Figures Doll Xmas Vacation Stocking Stuffer Gifts,5
24PC Cute Cartoon Elf Figures Doll Christmas Gift,5
249g,5
24 x 500ml,5
24 EA,5
226.8g,5
217ml,5
216ea,5
215gx4,5
20x112.5ml,5
200mlx6,5
200gx2,5
200 G,5
2.5 Kg,5
2-4 Cups,5
2 x 250g,5
2 tournedos per tray,5
2 for,5
190 Millilitre,5
186ml,5
1816g,5
180gx5,5
180gx3,5
18.1kg,5
18 x 75ml,5
18 eggs,5
175ml,5
1680g,5
165ml,5
15lb,5
15gx8,5
150 Millilitre,5
15 x 222ml,5
14oz,5
140gx5,5
14 oz,5
12x340.0ml,5
120gx4,5
12 x 60g,5
12 x 40ml,5
12 x 40g,5
12 x 39g,5
12 un - 1kg,5
12 pieces,5
118 Millilitre,5
1140g,5
113ml,5
10x30g,5
10s,5
10pk,5
103g,5
100g x 8,5
100 Millilitre,5
10.1g,5
10 x 50ml,5
10 x 355ml,5
10 x 25g,5
10 x 20g,5
1.89L Almond Milk,5
1.77 l,5
1.75L Oat Milk,5
1.5 xl,5
1.22kg,5
1 x 1l,5
1 leg per tray,5
0.95kg,5
0.5l,5
0.55kg,5
0.425kg,5
0.312kg,5
0.175kg,5
0.113kg,5
0.07kg,5
($4.79 per item),5
($3.29 per item),5
($1.89 per item),5
($1.50 per item),5
$8.55/1kg $3.88/1lb,5
$8.49 ,5
$8.14/1kg $3.69/1lb,5
$6.81/1kg $3.09/1lb,5
$6.59/1kg,5
$6.15/1kg $2.79/1lb,5
$50.69/1kg $23.00/1lb,5
$44.90/1kg,5
$42.97/1kg $19.50/1lb,5
$34.90/1kg $15.83/1lb,5
$3.90/1kg $1.77/1lb,5
$29.90/1kg $13.57/1lb,5
$21.90/1kg,5
$2.59 ,5
$19.58/1kg $8.88/1lb,5
$15.85/1kg $7.19/1lb,5
$14.30/1kg $6.49/1lb,5
$11.66/1kg $5.29/1lb,5
$0.66/100g $6.59/1kg,5
yuksok Reusable Metal Cone Paperless Strainer Funnel Golden,4
there¡¯s a choice for every mood.Key InformationQuality sourced ingredients100% natural flavoursNo artificial ingredients,4
the coldest-est lemon-lime soda yet with an innovative cooling sensation complemented by a delicious cherry lime flavor. It¡¯s the satisfying cut-through refreshment you love from Sprite with a clean cool taste that intensifies after every sip.,4
sell quantity 750ml,4
salad dressing,4
relayinert Stylish And Practical Glass Coffee And Tea Pot For Everyday Transparent Color 600ml pot,4
gluten free microwave popcorn with a high source of fibre and 80% less fat*,4
don't settle for second best. Grab a Bang Energy and Fuel Your Destiny.,4
bo?te de rangement d'assaisonnement Multi - compartiments avec couvercle,4
bo?te de bonbons de No?l bo?te - cadeau de No?l bo?te - cadeau de No?l emballage cadeau nouvel an mignon bo?te d'emballage,4
box,4
Yogurt,4
Wweixi 100Pcs/Lot Teabags Lightweight Non-woven Fabrics Cooking Scented Tea Bags Loose Strainer Drawstring Herb Pouch TYPE7 100pcs 15x20cm,4
Wweixi 100Pcs/Lot Teabags Lightweight Non-woven Fabrics Cooking Scented Tea Bags Loose Strainer Drawstring Herb Pouch TYPE4 100pcs 7x9cm,4
Volume 500ml,4
Volume - 3 Bars x 88ml,4
VONKY Aluminum Alloy Spray Proof Kitchen Modern Multi-functional Easy To Clean Easy To Install silver 1Set,4
Unsweetened200 Millilitre,4
Twin Pack42.5g,4
Thick & Rich Spicy Red Pepper Chilies680 Millilitre,4
Stylish 3d Burger Pop Pinch Ball Silicone Push Its Bubble Balls,4
Stainless Steel Coffee Brew Infuser Cone Cold Brew Coffee Filter 304 Stainless Steel Cold Brew Coffee Filter Cone Mesh With White Rubber Circle Coffee Brew Infuser For Fruit Drink,4
Stainless Steel Bar Bartender Shaker Drink Mixer Professional Bartender Tool Cocktail Mixed Cup Martini Drink Shaker for Bartending Cocktail Lovers Gift,4
Sold Individually,4
Slow Cooker Liner Saucepan Divider Slow Cooker Liner Easy Clean Nonstick Pan for Indoor/Outdoor,4
Silica gel Yilush,4
Silica gel Akmoler,4
Reusable Popsicle Holder With Slotted Popsicle,4
Red One Size,4
"Raw, 24pcs",4
Raspberrybubly355 Millilitre,4
Plant Based,4
Pack of 12,4
Overnight Oats,4
Oven Roasted DeluxeUnsalted325g,4
Original148 Millilitre,4
Original Party Size637g,4
Original Flavour145g,4
Non-woven fabric Akmoler,4
No Salt Added398 Millilitre,4
New Bottle Peak Freshness,4
Net Wt. 400g,4
Navy One Size,4
Natuarally Gluten Free Brazilian Style Cheese Buns,4
Mistaha Coffee Capsules Cup Refillable Reusable Coffee Filters Enlarge Mesh Strainer Large Inlet with Brush & Spoon Replacement for Keurig 2.0 and 1.0 8-Pack,4
Milk Chocolate Mousse87g,4
Medium Roast340g,4
Mayonnaise,4
MAOWAPLG Solid Wood Pepper Powder Grinder Black Pepper And Sichuan Pepper Ground Manual Grinder,4
MAOWAPLG Coffee Gounds Box Stainless Steel Box Built-in Container for Coffee,4
Keurig K-Cup 30ct Pods,4
Ideal f¨¹r Gym Fitness B¨¹ro Heim,4
Gray One Size,4
Grab N'Go550g,4
Grab N'Go500g,4
Gluten Free Potato Chips,4
GUOOL 50Pcs Coffee Paper Basket s Paper for Coffee Machine S S,4
Frozen,4
Fresh400g,4
For Families And Coffee Shops Coffee Mesh Filter,4
Filter Cone Dripper Holder Cup Travel Jug 2 Sizes - 2 - 4 Cup,4
Filter Basket Included,4
FLAVOURED SANDWICH BISCUITS,4
Easter Lovely Rabbit Tea Bag Hanging Fixed Tea Bag Fixed Tea Bag Tea Cup Wall Decoration Rabbit Differentiator,4
E One Size,4
Deli Meat,4
Cubes White,4
Cool drink with flavours,4
Compact Office For Home Colorful,4
Coffee Mesh Filter For Families And Coffee Shops l 1000ml,4
Coffee Color,4
Christmas Decorations Glitter Head Geometric Figure Sugar Pie Game Headband Interesting Boppers Hair Hoop,4
Chocolate Chip12 Each,4
Candy with no artificial sweeteners or added sugar,4
Canadian Pasta Sauce (640ml),4
Bulk1 Pound,4
Banana 1/2 Dipped Chocolate50 Millilitre,4
Bagels and More Rwvbm,4
9x30ml,4
915g,4
912g,4
907 G,4
906g,4
905 GM,4
8x50g,4
8x32.0g,4
8x280g,4
8x250.0ml,4
8x16.6g,4
8oz,4
8l,4
890g,4
882g,4
8 x 35g,4
8 to 10 per tray,4
8 buns,4
7un,4
798g,4
778g,4
767ml,4
75g x 3,4
745g,4
728g,4
724g,4
70ea,4
709 Millilitre,4
7-9kg,4
6x82.0g,4
6x80.0g,4
6x70g,4
6x68g,4
6x67.0g,4
6x60.0ml,4
6x355ml - cans,4
6x320.0ml,4
6x300.0g,4
6x295ml,4
6x237ml,4
6x236.0ml,4
6x200ml,4
6x111g,4
6lbs,4
696g,4
688ml,4
684g,4
670ml,4
668g,4
66.64g,4
65gx6,4
652g,4
650g Greek Yogurt Tub,4
624 GR,4
618g,4
612g,4
60gx2,4
605 Millilitre,4
60 count,4
60 Pellets,4
6 x 47g,4
6 x 340ml,4
6 x 295ml,4
6 x 1l,4
6 x 111g,4
6 un - 320g,4
6 sausages per tray,4
6 in - 650g,4
5x80ml,4
5x75.0ml,4
5x55ml,4
5x425.0g,4
5x120.0g,4
5Pcs 304 Stainless Steel Coffee Filter Portable Detachable Coffee Pot Mesh Filter Accessory,4
566g,4
55un,4
55ml x 8,4
554g,4
53gx5,4
528ml,4
517ml,4
513g,4
50x Premium Coffee Filter Paper Kitchen Accessories Basket Filters Paper Single Serving Paper for Espresso Maker Dripper Coffee Machinel,4
500?g,4
500ml Bottle,4
5.00 - 7.00kg,4
5 x 40g,4
5 x 35 g bars,4
5 X 70g,4
5 Bars,4
4x89.0g,4
4x81ml,4
4x67g,4
4x66ml,4
4x65g,4
4x55ml,4
4x42.0g,4
4x40g,4
4x330ml,4
4x150.0ml,4
4x140ml,4
4x135.0ml,4
4x106.0g,4
4lb,4
490 Millilitre,4
480 g total,4
473ml can,4
473ml Coffee Whitener,4
45un,4
45gx8,4
454 g (1 lb),4
448GM,4
445 Millilitre,4
437.5g,4
428 Millilitre,4
419g,4
413g,4
412g,4
40gx15,4
406g,4
400mlx3,4
400GR,4
400 g - 4 bagels,4
4 x 95g Yogurt Snack,4
4 x 75g,4
4 x 52g,4
4 x 39g,4
4 x 355,4
4 x 135ml,4
4 x 112ml,4
4 units per package,4
4 un - 550g,4
4 slices per tray,4
4 bars,4
3x88.0g,4
3x85ml,4
3x5g,4
3x29.0g,4
3x200.0ml,4
3x186.0g,4
389g,4
386g,4
382g,4
36ea,4
360gx6,4
34gx10,4
348 Millilitre,4
345ml,4
337ml,4
330 Millilitre,4
33.75g,4
327ml,4
320 g total,4
31.2g,4
30x75.0ml,4
30gx30,4
300 g Box,4
30 Pods,4
3.78 Litre,4
3 x 250ml,4
3 x 135g,4
3 x 100g,4
2x95g,4
2x95.0g,4
2x85g,4
2x80g,4
2x140g,4
2x120g,4
2x110g,4
2pcs Professional Coffee Press Replacement Filter For Coffee House 6 Servings,4
291g,4
28x50ml,4
286g,4
285G,4
285,4
283G,4
280 Millilitre,4
28 Each,4
279g,4
272,4
266ml,4
25pcs,4
25gx15,4
251ml,4
250mlx6packs,4
250 G,4
24x355ml,4
249ml,4
242g,4
240g / Boxed Cookies,4
240 Millilitre,4
240 G,4
24 count,4
24 Pack,4
24 Days Countdown Surprise Gift for Girls Teens Adults,4
236g,4
230ml,4
227 Millilitre,4
216un,4
216 per pack,4
215gx3,4
20gx10,4
205 GM,4
200un,4
200gx4,4
2000g,4
200 Each,4
2.6kg,4
2.63?l,4
2.25l,4
2 x 300g,4
2 x 143g,4
2 ribs per tray,4
2 brochettes per tray,4
1pc No.02 5PCS,4
1pc No.02 1 Pc,4
190ml Yogurt Drink,4
190g (2 quiches),4
18x75.0ml,4
1890ml,4
180gx4,4
180G,4
180.02g,4
170G,4
170,4
16x40g,4
16x40.0g,4
165 g total,4
1600g,4
16 x 45g,4
16 waffles,4
15l,4
15ea,4
156 Millilitre,4
150mlx5,4
1500ml,4
147 Millilitre,4
144un,4
142 GM,4
1400g,4
13fl,4
139g,4
12x85.0g,4
12x68.0g,4
12x500.0ml,4
12x40ml,4
12x38g,4
12x37.0g,4
12x330.0ml,4
12x200.0g,4
12x1un,4
12x19g,4
12x120ml,4
127.6g,4
1240g,4
120 GR,4
12 x 340ml,4
12 x 284ml,4
12 count Valentine Cards,4
1170g,4
1150g,4
1130g,4
1116g,4
10x82.0g,4
10x57ml,4
10x38g,4
10x25g,4
10x180ml,4
10ct,4
104ml,4
102ea,4
100ml Ice Cream,4
10.5g,4
10.2g,4
10 x 180ml,4
10 lb Bag,4
10 cp,4
10 cookies - 390g,4
10 Pound,4
10 Count,4
1.8lbs,4
1.85l,4
1.75g,4
1.75KG,4
1.75 Kg,4
1.5lbs per bag,4
1.575kg,4
1.25l,4
1.225kg,4
1.19 Kg,4
1.175kg,4
1 un,4
1 oz,4
1 lb bag,4
1 chop per tray,4
1 breast per tray,4
1 bag,4
0.63 - 1.00kg,4
0.5g,4
0.54l,4
0.53g,4
0.341kg,4
0.25 - 0.26kg,4
0.15kg,4
0.11 - 0.14kg,4
0% M.F.500g,4
- 16 Count,4
($5.79 per item),4
($2.79 per item),4
($2.39 per item),4
($1.39 per item),4
($1.19 per item),4
($0.89 per item),4
$88.88 ,4
$6.69 ,4
$49.90/1kg,4
$46.90/1kg,4
$46.28/1kg $21.00/1lb,4
$43.90/1kg,4
$42.99 ,4
$41.90/1kg,4
$4.26/1kg,4
$38.56/1kg $17.50/1lb,4
$33.90/1kg,4
$3.50/100g,4
$3.49/100g,4
$3.48 ,4
$29.99 ,4
$28.99 ,4
$27.98 ,4
$25.98 ,4
$25.42/1kg,4
$24.89/1kg $11.29/1lb,4
$23.99 ,4
$18.99 ,4
$18.71/1kg $8.49/1lb,4
$17.37/1kg $7.88/1lb,4
$16.98 ,4
$13.00/1kg,4
$12.98 ,4
$11.98 ,4
$11.49 ,4
$11.44/1kg $5.19/1lb,4
$10.52/1kg $4.77/1lb,4
$1.49 ,4
$1.30/100g,4
$0.88/100g $8.80/1kg,4
? Unique pressurized coffee packaging preserves flavor ? Sourced from the finest 100% Arabica coffee ? Beautifully balanced and consistent taste,3
? Cooks in 3 minutes,3
toppings. Ready in minutes.,3
special anti-spilling food noodle drainer for pot liner Weekly Deals,3
simhoa Reusable Metal Cone Paperless Strainer Funnel Golden,3
serony 24 Pockets Santa Claus Christmas Advent Calendar Wall Hanging Ornament Snacks Biscuits Home Bedroom Living Room Decoration Red,3
sell quantity 75g,3
sell quantity 250g,3
sell quantity 1lt sold individually,3
sell quantity 125g,3
sell quantity 1.5lt,3
poivrons et piments dans la cuisine,3
pitrice Advent Calendar Christmas Hanging Pendant Gnome Non-woven Fabric DIY Wall Calendary Faceless Man Xmas Tree Decoration Gift Gray,3
or preservatives,3
les champignons et les,3
koolsoo Strainer Coffee Pot Drip with Wooden Holder Multi-color Convenient to Western Transparent Pot,3
gluten free snack,3
full-flavored taste,3
freestylehome 1/2/3/5 Cake Pearl Applicator Home Bakery DIY Baking Cake Edible Pearl Ball Decoration Applying Tool No.02 1 Pc,3
brosse ¨¤ huile barbecue moins de 5 $?conomisez jusqu'¨¤ 90% Clearing livraison gratuite,3
bonbons et sucre brun en poudre moins de 5 $?conomisez jusqu'¨¤ 90%,3
Writer Decorator Pens - Brown,3
Wooden Coaster Cups Placemat Black Walnut Wood Coaster Square 8.8*8.8cm,3
Weekly flyer pimelu Strawberry Baking Candy Jelly Bakeware Strawberries Molds For Kids Cupcake Fondant Molds Molds Weekly flyer,3
WAFFLE MINIS,3
Volume/Quantity - 85g,3
Volume/Quantity - 45g,3
Volume/Quantity - 383g,3
Visland 100Pcs Disposable Thick Squeeze Cream Cookie Icing Fondant Piping Bag Cake Decor,3
Vietnamese Stainless Steel Coffee Filter Cup Vietnamese Coffee Drip Pot,3
Veggie Ground,3
Up to 95% off Gifts onlyliua Whiskey Wedge + Glass Ice Film Whisky Glass Layered Glass Clearance Items,3
Universal Coffee Pot Filter Disc For Coffee Making For 6 People,3
Type 8,3
Transemion Gold Foil Leaf Festival Cake Chocolates Dessert Muffins Flakes Portable Bakery Food Dishes Coffee Decoration DIY Silver 5Set,3
Transemion Gold Foil Leaf Festival Cake Chocolates Dessert Muffins Flakes Portable Bakery Food Dishes Coffee Decoration DIY Silver 1Set,3
Tortilla Farmhouse Cheddar Brown Rice Chips100g,3
Taste,3
Swirl Cookies225g,3
Sunnymark Dried Baby Shrimp,3
Strong Applicability Coffee Grinder Disc Enhanced Cutting Ability Stainless Steel For Milk Tea Shop Six Star Cone,3
Stainless steel Akmoler,3
Sold by weight,3
Sleek Can355 Millilitre,3
Size 21-25,3
Silver,3
Silica Gel Tea Bag Tea Filter Silica Gel Tea Filter,3
Shredded500g,3
Seasoning for all kinds of food.,3
Sea Salted325g,3
SEA SALT,3
Ruiboury Filter Mesh Coffee Basket Powder Strainer Long Handle Stainless Steel Rustproof Multipurpose Handily Gripped Filtering Net Type 4,3
Rongfmy Reusable Handmade Cloth Coffee with Wooden Handle Hand Drip Coffee 100mm,3
Ready to Serve Soup (515ml),3
Quantity ¨C 383 grams,3
Quantity ¨C 284g,3
Qiopertar Clearance Home Decor Printed Kitchen Oil Barrier High Temperature Aluminum Foil Oil Baffle under $2 Saving Up To 99% Off,3
Qiopertar Clearance Free Shipping Segmented Candy Box Household Nut Box Dried Fruit Box Living Room Snack Box Plastic Fruit Box Snack Box under $5 Saving Up To 90% Off,3
"Previous price: 
Current price: BX",3
,
Premium100g,3
Pink One Size,3
Pink,3
Pick-up only 11AM-7PM,3
Peggybuy Coffee Filter Mesh Coffee Making Puck Screen for Espresso Machine (58mm),3
Peggybuy Coffee Capsule Filter Eco-friendly Filter Cup for Home Kitchen Gadgets (Red),3
Peggybuy Coffee Capsule Filter Eco-friendly Filter Cup for Home Kitchen Gadgets (Purple),3
Peggybuy Coffee Capsule Filter Eco-friendly Filter Cup for Home Kitchen Gadgets (Black),3
Party Size368g,3
Pack of 5,3
PP+PS Akmoler,3
POST SHREDDIES FAMILY SIZE,3
PLCHD cont-3rd party agency,3
Oven Roasted350g,3
Original946 Millilitre,3
Orange48 Millilitre,3
Onion & Garlic645 Millilitre,3
One Love1 Each,3
Obsessed with Flavour,3
Oat Coffee Creamer Sal Car 946ml,3
ON/QC: 190g; BC/AB: 310g,3
No Salt100g,3
No Salt Added540 Millilitre,3
New 142g family size,3
Mytrix 128GB MicroSD Card and Accessories NS Game Disc Bundle Best Holiday Gift,3
Mozzarella,3
Mistaha Coffee Capsules Cup Refillable Reusable Coffee Filters with Enlarge Mesh Strainer Large Inlet Replacement for Keurig 2.0 and 1.0,3
Mini batidores de acero inoxidable batidor peque?o 5 5 pulgadas y 7 pulgadas para batir batir mezclar ingredientes mezclar salsas,3
Mexican Hot Sauce 365ml,3
Medium Roast793g,3
Medium,3
Marvid Kosher Chicken Parts,3
Mario's mini Vienna Sausages 113g,3
Mario's Luncheon Meat,3
Maoww Advent Calendar Christmas Hanging Pendant Gnome Non-woven Fabric DIY Wall Calendary Faceless Man Xmas Tree Decoration Gift Gray,3
Mandarin & Orange20 Each,3
Make up 280 cones,3
Lunchables Snackables,3
Light Blue One Size,3
Letairis 100x Clear Lollipops Sticks Acrylic for Home Halloween Chocolate Cake 100x Lolly Chocolate 15.2x0.3cm,3
Lemonade,3
Lemon300g,3
Latte8 Each,3
Lasagne Pasta500g,3
Large Shells Pasta700g,3
Keurig K-Cup 10ct Pod,3
KRAFT FAT FREE ITALIAN DRESSING 425,3
Justharion 200x White Wide Application Tea Filter Bag Easy To Carry High Temperature Resistant white 3Set,3
JUST Egg plant liquid,3
Honey Favour405g,3
Hero of the Grill,3
Half,3
Green,3
Get UpStand1 Each,3
GUOOL Reusable Handmade Cloth Coffee with Wooden Handle Hand Drip Coffee 100mm,3
GOI F&B - Item Short Description,3
Fully Cooked340g,3
Fresh600g,3
Fresh454g,3
Fresh300 Millilitre,3
Fresh20g,3
For The Strong And Spicy Mint Lover,3
Flavourful cookies with fun sea shapes,3
Fiudx organizer Box Segmented Candy Box Household Nut Box Dried Fruit Box Living Room Snack Box Plastic Fruit Box Snack Box,3
Fiudx Storage Containers Segmented Candy Box Household Nut Box Dried Fruit Box Living Room Snack Box Plastic Fruit Box Snack Box,3
Fiudx Flash Deals Sale Items Four-Compartment Snack Box,3
Fettuccine Pasta900g,3
Family Size215g,3
Family Pack8 Each,3
Extra Large30 Each,3
Explosion-proof Travel For Office Home Gifts Silver 350ml,3
Everything156g,3
ECKYADAM Dispenser Snacks Of Dispenser Portable Snacks Sweets 9.5 Ounces For Dispenser Snacks Less Than 0.7 Inch,3
Double Layer Candy And Dried Fruit Rotating Design Dessert,3
Dipped Clusters,3
Deliciously quick: authentic Thai Veg Curry in 90 seconds,3
Delicious & authentic Thai Curry in 20 Minutes,3
Delicious & authentic Indian Curry in 20 Minutes,3
Dark Roast793g,3
Dark Chocolate,3
Crystalized100g,3
Crisco All Vegtable Shortening,3
Craft Non-Alcoholic Beer,3
Countdown Calendar for Girl Kids Teens,3
Collapsible Shower Threshold Water Dam Water Flood Barrier Water Stopper For Shower,3
"Cold, 6pcs",3
"Cold, 650ml",3
Cold,3
Coffee Shot Mirror Easy Care Drop Resistant For Home Silver,3
Coffee Dripper Coffee Funnel Metal Cone Filter for Restaurant Office Kitchen M M,3
Clearance! Coffee Cup Filter Screen Double-layer Portable Hand Brewed Coffee Folding Ear Filter Drip Coffee Coffee Cup Flash Deals of The Day Deal ofthe Day #09,3
Christmas Chocolates,3
Christmas Advent Calendar 2024 Contains 24 Christmas Acrylic Decoration Arrival Calendar Christmas Countdown Calendar With Surprise Pedants Christmas Colle,3
Chocolate Chip Soft Cookies6 Each,3
Children Toys for 3+ Boys Girls,3
Catelli Garden Select Tomato & Basil 600ml,3
Cashew Frozen Dessert,3
Candied450g,3
Canada Dry Raspberry Lemonade Ginger Ale brings the crisp and refreshing taste of Ginger Ale blended with a delicious twist of raspberry lemonade flavour.,3
C One Size,3
Bunch1 Each,3
Buffalo Soldier1 Each,3
Bowls20 Each,3
Beige One Size,3
Baohd Remove Heavy Metals And Contaminants Water Filter For Cleaner Brew And Floating Debris Coffee Filter light blue,3
Bagels and More Summer Savings Clearance,3
B,3
Authentic Kee Wah Mooncakes from Hong Kong,3
Atypique Mojito 4pk,3
Assorted100g,3
Around 1 fillet per tray,3
Apple Banana No Sugar Added4 Each,3
AmlESO 50Pcs Coffee Filter Paper Basket Filters Paper for Coffee Machine S S,3
All Dressed Flavour Brown Rice Chips100g,3
A tray contains on average 900g,3
9x44.44g,3
95gx4,3
946ml Aseptic Almond Milk,3
936g,3
900 g.,3
90 Millilitre,3
90 Each,3
9.1g,3
9 x 40g,3
9 oz,3
9 Each,3
8x75.0g,3
8x60.0g,3
8x4.0g,3
8x295g,3
8x250ml,3
8x125ml,3
8x125.0ml,3
8x10cm,3
890ml Coffee Whitener,3
866g,3
842g,3
834g,3
82GM,3
80ml,3
80g x 4,3
80 tea bags,3
80 pack / 182g,3
8 x 230ml,3
8 waffles,3
8 souvlaki per tray,3
8 packets,3
784g,3
771g,3
756g,3
750ml Mayonnaise,3
750ml - bottle,3
750G,3
73g Rice Cup,3
738g,3
72 tea bags,3
702g,3
70.9g,3
7 oz),3
6x85.0g,3
6x68.0g,3
6x66ml,3
6x65g,3
6x63ml,3
6x59ml,3
6x57.0g,3
6x54g,3
6x35ml,3
6x340ml,3
6x240ml,3
6x22g,3
6x156ml,3
6x125.0ml,3
6x100g,3
6x1.0ea,3
6s,3
6X355ml,3
690 g (24.3 oz),3
68ml,3
682ml,3
675ml,3
666g,3
642 Millilitre,3
629g,3
625ml,3
625g Yogurt Tub,3
623g,3
615ml,3
60gx8,3
60gx5,3
60 per pack,3
60 pellets,3
6/9pcs Yummy Plush Cheesy Puffs Giant Stuffed Bag Of Plush Cheese Snacks Gift/9 Small Balls/,3
6 x 82g,3
6 x 75g,3
6 x 63ml,3
6 x 57g,3
6 x 38g,3
6 x 330ml Cans,3
6 x 28g,3
6 x 240ml,3
6 x 20g,3
6 x 18g,3
6 x 170g,3
6 un - 420g,3
6 pack,3
5x48g,3
5x36g,3
5x35g,3
5x32g,3
5x25g,3
5gx12,3
596g,3
592ml,3
58ml,3
58.5mm / 2.3in,3
575ml,3
573g,3
567 GR,3
55ml,3
55 Piece per Gum Bag,3
547 Millilitre,3
53MM 1Set,3
53.5mm Round Coffee Filter Plate 304 Stainless Steel Coffee Powder Full Extraction Handheld Lower Shower Filter,3
52.5g,3
510?g,3
51/54/58mm Coffee Blind Filter Basket Stainless Steel Non Pressurized Filter Cup,3
50gx10,3
509g,3
500ea,3
500 g total,3
50/100pcs Christmas Cookie Hot Seal Bags For Nougat Candy Biscuit Packaging,3
50 Count,3
5.5g,3
5.3 oz,3
5-7 fillets,3
5% protein,3
5 x 36g,3
5 x 30g,3
5 x 15g,3
5 pieces,3
5 per pack,3
5 chops per tray,3
5 Pieces,3
5 Bars / 140g,3
4x80ml,3
4x58.0g,3
4x440.0ml,3
4x39g,3
4x275ml,3
4x240ml,3
4x237ml,3
4x130ml,3
4x125ml,3
4x110.0ml,3
4x100.0ml,3
4X370ml,3
49.62g,3
486g,3
485ml,3
484g,3
480ml (6 x 80ml),3
477ml,3
477g,3
456 g - 4 bagels,3
454x454.0g,3
450?g,3
44un,3
448 g total,3
446g,3
440 g total,3
440 Millilitre,3
433g,3
431g,3
430G,3
425 GR,3
42.5g,3
418ml.,3
418 Millilitre,3
415ml,3
414g,3
412ml,3
410 G,3
40gx12,3
40g bar,3
400 GR,3
40 per pack,3
4.5gx10,3
4.55kg,3
4.43l,3
4 x 80ml,3
4 x 56.75g,3
4 x 120ml,3
4 x 106g,3
4 un - 420g,3
4 un - 320g,3
4 un - 300g,3
4 sausages,3
4 pk - 675g,3
4 in - 325g,3
4 breasts per tray,3
4 Pack,3
4 Dinner Sausages,3
4 Bars,3
3?l,3
3x90ml Dairy Free Frozen Dessert,3
3x80ml,3
398ml Reheat and Serve,3
393g,3
392g,3
390 Millilitre,3
38gx15,3
388g,3
383 Millilitre,3
379g,3
378ml,3
377g,3
374ml,3
373g,3
371g,3
370GM,3
36un,3
364g,3
360G,3
36 per pack,3
36 Each,3
35gx4,3
35gx12,3
355ml - can,3
350 g (12.3 oz),3
34g Tin,3
345 g total,3
340GM,3
340G,3
338ml,3
332g,3
321g,3
312G,3
310 Millilitre,3
30x18.0g,3
30gx4,3
30gx14pcs,3
306ml,3
300x300.0g,3
300mlx8,3
30.9g,3
30 pods,3
3 count,3
3 chops per tray,3
2x65g,3
2x38g,3
2x113.0g,3
2x105g,3
2lt,3
293g,3
28gx12,3
28cm Anti-skid Cake Decorating Turntable Flat Swivel Plate Baking Tool Rubber Plastic Turntable,3
287g,3
282ml,3
280mlx3,3
277g,3
275GM,3
275 G,3
274g,3
273g,3
27.5g,3
260 gr,3
250g x 5,3
250GM,3
24x60ml,3
245GM,3
242 Millilitre,3
240mlx6,3
2400g,3
24.6g,3
24 x 100g,3
24 x 0.591l,3
2270g,3
225 G,3
223g,3
222ml,3
220 g.,3
22 Slices,3
218g,3
217g,3
216 Each,3
214g,3
210 g.,3
210 Millilitre,3
21.6g,3
20x90g,3
2016ml,3
200ml x 4,3
200G,3
20 x 60ml,3
20 x 11g,3
20 x 112.5ml,3
2.7kg,3
2.5 lb,3
2.4kg,3
2.1kg,3
2% M.F.4 Each,3
2 x 95g,3
2 x 42g,3
2 x 175g,3
2 x 130g,3
2 un - 228g,3
2 un - 160g,3
2 medallions per tray,3
2 Pouches,3
2 L Jug,3
2 Kg,3
1bag,3
1L Bottle,3
19g,3
197g,3
191ml,3
18x16g,3
18s,3
18gx5,3
18gx30,3
18gx20,3
183g,3
180 g.,3
18.9l,3
18 x 19 G,3
18 pcs,3
175GM,3
175 g (5 x 35 g),3
17.5g,3
16x68g,3
16x48g,3
16pcs,3
16g Mix/6 units,3
16g Mix/10 units,3
169g,3
16 x 48g,3
16 oz,3
15x39g,3
156G,3
1540ml,3
150ml x 4,3
150ea,3
15 x 50g,3
15 oz,3
148gx4,3
148.8g,3
146g,3
144 per pack,3
144 Each,3
14 per pack,3
14 count,3
1360g,3
133 g Side Dish,3
130gx4,3
12¡Á100g,3
12x98.0g,3
12x90.0g,3
12x80g,3
12x75ml,3
12x50.0g,3
12x473.0ml,3
12x35.0g,3
12x26g,3
12x20g,3
12x12.0ea,3
125GR,3
1248g,3
12 x 9g,3
12 x 50g,3
12 x 25g,3
12 x 20g,3
12 x 200ml,3
12 x 100ml,3
12 un - 240g,3
12 pods,3
12 bars,3
12 K-Cup? Pods,3
114ml,3
1120g,3
112.5ml,3
110gx4,3
11 slices,3
10x58g,3
10pcs,3
10oz,3
1092g,3
1088g,3
1080g,3
106.2g,3
103ml,3
1020g,3
100x Household Coffee Filter Papere 56mm 60mm 68mm Coffee Strainer Replacements Professional Universal for Coffee Maker 6cm,3
100ml x 4,3
100g x 5,3
100g x 16,3
100g Chocolate Tablets,3
100Pcs Household Pot Paper Filter 56mm 60mm 68mm Replacements Professional Round 6cm,3
100G,3
100 unidades,3
100 Pcs Empty Teabags String Heat Filter Paper Herb Loose Tea Bag,3
10.3g,3
10 x 65ml,3
10 x 40ml,3
10 x 21g,3
10 rolls,3
10 packets,3
10 Popsicle Diy Ice Cream Ice Cream,3
10 Packets,3
1.89L Organic Soy Milk,3
1.89 xl,3
1.89 LT,3
1.675kg,3
1.6 Litre,3
1.5lt,3
1.55kg,3
1.54kg,3
1.54 L Bottle,3
1.54,3
1.53 - 1.87kg,3
1.505kg,3
1.45kg,3
1.4 Litre,3
1.3l,3
1.362kg,3
1.36 L Bottle,3
1.34kg,3
1.2l,3
1.16kg,3
1.11kg,3
1.09kg,3
1.04kg,3
1.01kg,3
1 x 64 G,3
1 x 473ml,3
1 x 185g,3
1 Whole Chicken,3
1 L Carton,3
1 KG,3
0.9kg,3
0.90 - 1.50kg,3
0.85kg,3
0.65kg,3
0.625kg,3
0.35 - 0.65kg,3
0.325kg,3
0.30 - 0.60kg,3
0.28 - 0.57kg,3
($9.99 per item),3
($50.00 per item),3
($4.29 per item),3
($3.79 per item),3
($2.59 per item),3
($11.99 per item),3
($0.88 per item),3
$79.34/1kg $36.00/1lb,3
$7.69/1kg,3
$7.03/1kg $3.19/1lb,3
$63.91/1kg $29.00/1lb,3
$6.79 ,3
$6.47/160G,3
$6.35/1kg $2.88/1lb,3
$6.29 ,3
$51.79/1kg $23.50/1lb,3
$5.98 ,3
$5.51/100g $55.09/1kg,3
$49.90/1kg $22.64/1lb,3
$49.58/1kg $22.50/1lb,3
$47.90/1kg,3
$45.17/1kg $20.49/1lb,3
$4.99/100g $22.64/1lb,3
$4.98 ,3
$4.69/100g $21.28/1lb,3
$39.99 ,3
$39.90/1kg $18.10/1lb,3
$38.90/1kg,3
$37.99 ,3
$36.35/1kg $16.49/1lb,3
$34.15/1kg $15.49/1lb,3
$31.90/1kg,3
$3.99/100g $18.10/1lb,3
$3.47/73GR,3
$29.17/1kg,3
$28.63/1kg $12.99/1lb,3
$27.90/1kg,3
$25.99 ,3
$25.76/1kg $11.69/1lb,3
$24.67/1kg $11.19/1lb,3
$23.79/1kg $10.79/1lb,3
$22.99 ,3
$21.99 ,3
$20.48/1kg $9.29/1lb,3
$2.62/1kg $1.19/1lb,3
$18.28/1kg $8.29/1lb,3
$15.98 ,3
$15.40/1kg $6.99/1lb,3
$14.97/1kg $6.79/1lb,3
$14.90/1kg $6.76/1lb,3
$13.20/1kg $5.99/1lb,3
$10.78/1kg $4.89/1lb,3
$1.98 ,3
$1.94/1kg $0.88/1lb,3
$1.32/100g $13.21/1kg,3
$1.21/100g $12.10/1kg,3
$1.10/100g $11.00/1kg,3
~4lbs,2
~1lb,2
~1.5lbs,2
| Multiple Sizes,2
yuksok 50Pcs Coffee Filter Paper Basket Filters Paper for Coffee Machine S S,2
yuksok 10ml DIY Colorants Pigments 10ml 10ml rose red,2
yingyy Gold Foil Leaf Dessert Candy Fondant Muffins Flakes Portable Home Bakery Bar Food Dishes Tea Drink Decoration DIY Silver 2Set,2
wolftale Portable Soup Thermo Cup For Delicious Soups On Move Leak-proof And No Mixing beige 970ml 1Set,2
wolftale Made Of Biodegradable Materials Environmentally Friendly Electric Salt Pepper pink,2
wolftale Fondant Cake Decorating Tool Non-Toxic And Eco-Friendly Wide Application As Shown 5Set,2
wolftale Fondant Cake Decorating Tool Non-Toxic And Eco-Friendly Wide Application As Shown 2Set,2
wolftale Fondant Cake Decorating Tool Non-Toxic And Eco-Friendly Wide Application As Shown 1Set,2
wolftale Flower Pattern Rotating Candy Box Wedding Favor Box Divided Dried Fruit Plate Snacks Sunflower Seed Container,2
without the sugar.,2
with no additives.,2
veasfak Coffee Cone Polish Coffee Basket Stainless Steel Coffee Diameter 120mm,2
veasfak 10ml DIY Colorants Pigments 10ml brown,2
veasfak 10ml DIY Colorants Pigments 10ml 10ml rose red,2
trou de vapeur tr¨¨s serr¨¦. Po¨ºle ¨¤ nouilles double paroi en acier inoxydable. Ramen ordinaire pr¨ºt - ¨¤ - manger ¨¤ l'eau chaude,2
thinsony 24 Pockets Santa Claus Christmas Advent Calendar Wall Hanging Ornament Snacks Biscuits Home Bedroom Living Room Decoration Red,2
sucre,2
special anti-spilling food noodle drainer for pot liner for Home,2
simhoa Reusable Handmade Cloth Coffee with Wooden Handle Hand Drip Coffee 100mm,2
serony Advent Calendar Christmas Hanging Pendant Kids Family New Year Gnome Non-woven Fabric DIY Wall Calendary Faceless Man Xmas Tree Decoration Gift Gray,2
sell quantity 450g,2
sell quantity 375ml,2
sell quantity 355ml,2
sell quantity 200ml glass bottle,2
sell quantity 120g canned,2
random color Weekly flyer features,2
random color Deals,2
presse - agrumes manuel moins de 5 $?conomisez jusqu'¨¤ 90%,2
portable breakfast buns,2
pitrice 24 Pockets Santa Claus Christmas Advent Calendar Wall Hanging Ornament Snacks Biscuits Home Bedroom Living Room Decoration Red,2
pimelu New Juicing Cup Multifunction Fresh Juicess Wireless Outdoor Portable Juicing Large Capacity up to 70% off Summer Clearance Hottest Deals Big Savings,2
pimelu Household Round Fruit Snacks Sugar Biscuits Striped Fruit Melon Fruit Up to 45% off Wal&mart Deals Halloween,2
pimelu Household Round Fruit Snacks Sugar Biscuits Striped Fruit Melon Fruit Deals Summer Clearance Fall Savings up to 70% off,2
pimelu Flyer Deals Rose Flower Ice Cocktail Mix Ice Rose Flower 6 With Ice Tray Up to 40% off Big Savings Clearance,2
pimelu Double Layer Candy And Dried Fruit Rotating Design Dessert Up to 45% off Wal&mart Deals Boxing Day,2
pimelu Divided Serving Tray With Lid And Handle Portable Snackle Box Charcuterie Container Airtight Snack Box For Picnic Entertaining Party Up to 60% off Summer Savings New Year's Day,2
pimelu Divided Serving Tray With Lid And Handle Portable Snackle Box Charcuterie Container Airtight Snack Box For Picnic Entertaining Party Up to 45% off Clearance Halloween,2
pimelu Clearance Savings Rose Flower Ice Cocktail Mix Ice Rose Flower 4 With Ice Tray Big Savings Hottest Deals up to 90% off,2
pimelu Christmas Gifts Clearance Portable Juice Juice Cup Intelligent Student Home Multifunctional Juice Juice Machine Charging Juice Cup Clearance Canada Day Canada Day,2
pimelu Christmas Advent Calendar Santa Claus Advent Calendar With 24 Days Pocket Christmas Countdown Hanging Ornaments For Home Office Door Wall Decoration Gifts Summer Clearance Canada Day,2
pimelu Children's Intelligent Watch With High-definition Touchscreen And Camera For Video Calls 4G Student Card Pluggable Phone Watch GPS Accurate Positioning Clearance Wal&mart Deals Boxing Day,2
pimelu Carton Popsicle Ice Cream Six Popsicle Box Ice Up to 45% off Flash Deal Remembrance Day,2
pimelu 100pcs Empty Teabags String Heat Filter Paper Herb Loose Tea Bag Flash Deal Up to 45% off,2
"pecans and raisins
?Dry roasted nuts (never fried)
?4g of plant-based protein per 28g serving
?2g of fibre per 28g serving
?GMO Free
?Gluten Free",2
,
pack,2
open Season Coffee Paper Unbleached Natural Brown 100 Sheets Large Capacity Filter Paper,2
onlyliua up to 60% off Gifts Garden Resin Decoration Outdoor Roll Paper Small Decoration Statue Garden Decora Paper Towel Decoration Deals,2
onlyliua New Kitchenware Set Kitchenware 7-piece Set Non Stick Pot Shovel Spoon Clip,2
onlyliua Household Food Grade 28 Single-layer Ice Tray Manufacturing Machine Ice Cream Storage Box,2
onlyliua Holiday Deals Details About Tea Infuser Strainer Tea Bag Leaf Filter Diffuser Flash Deals,2
onlyliua Holiday Deals 4 Hand-held Popsicles With Transparent Self-made Ice Cream With Lid,2
onlyliua Clearance Savings Wood Pulp Cotton Dishwashing Wipe Cleaning Sponge Wipe Double-sided Household Rag Brush Bowl Scouring Pad Kitchen Artifact for Home,2
onlyliua Clearance Five Pointed Star Heart Shaped Ice Ice Pellet 26 Shaped,2
onlyliua Clearance Coffee Filter Cup Drip Cup Hand-brewed Coffee Cup Drip Filter Coffee Filter Cup For Hiking Camping Home Office,2
onlyliua Canada Day 13-hole Food Honeycomb Ice Tray With Lid DIY Ice Box Food Suppleme,2
onlyliua 304 Stainless Steel Coffee Mug With Lid Thermal Insulation Outdoor Portable Comfortable Handle Heat And Cold Available for Home,2
non-dairy,2
multi - usage moins de 5 $?conomisez jusqu'¨¤ 90%,2
moyennes et grandes cuill¨¨res disponibles,2
mmirethe 200pieces Easy To Carry Tea Filter Bag Drawstring Made With Non-woven Tea Bags white 2Set,2
mixing Salad - Snngv,2
mini bo?te d'¨¦pices rendra les ¨¦pices discr¨¨tes plus int¨¦ressantes,2
lb,2
large Stainless Steel Bowl,2
l,2
kusrkot 60Pcs Invisible Chest Covers Anti Chafing Nip Guard Nip Protector Breathable Nip Dark Skin,2
kurtrusly 40-Count Paper Coffee Filters Accessories Disposable Unbleached Paper 1-4Cup for Coffee Maker,2
kurtrusly 300 Pieces Teabags Drawstring Filter Bags Strainer Infuser Pouch Filter Pouch Heating Penetration Seal Tea Bag Powder Spices Teaware 7*9CM,2
keepw Teabags Single-off Non-woven Fabrics Spice Scented Tea Bags with String DIY Crafts Natural Steeper Drawstring Herb Pouch TYPE1 100pcs 5x7cm,2
keepw Silver Sturdy And Durable Stainless Steel Flour Shaker For Long-lasting Performance Wide Application no handle 2Set,2
keepw 2pieces Better Taste With Puck Screen Premium Stainless Steel Sintered Coffee Filters For 51MM+2pcs,2
kcavykas Big Deals Items Coffee Beans Coffee Powder Dry Goods Sealed Container 304 Stainless Steel Sealed Storage Tank,2
karymi Lazy Automatic Magnetic Stirring Cup coffee Grain Powder Brewing Cup up to 65% off,2
karymi 100pcs Empty Teabags String Heat Filter Paper Herb loose Tea Bag Flash Deal,2
karymi 100pc Halloween Cookies Nougat Snowflake Crisp Fruit Bag Ghost Party Gift Ziplock Bag Goodie Bag Summer Savings,2
jinwen 100pcs ing Floating Bobbers Ball EVA Foam Indicator 8.3mm Yellow 8.3mm Yellow 100PCS,2
jinwen 100pcs Fly Fishing Floats EVA Foam Bite Strike Indicators Tackle Outdoor 7mm,2
jinwen 100pcs Fishing Floating Bobbers Ball Indicator 7mm - Red,2
jinwen 100 Pieces Fishing Floating Bobber Ball EVA Foam Display 6mm Yellow,2
jifeng Coffee Cone Polish Coffee Basket Stainless Steel Coffee Diameter 120mm,2
jifeng Coffee Cone Polish Coffee Basket Stainless Steel Coffee Diameter 105mm,2
iron and protein | Made with all natural ingredients without preservatives | Suitable for vegans | Made with love by dietitians!,2
in 4 pieces,2
hidratantes y activos moins de 5 $?conomisez jusqu'¨¤ 90% Clearing livraison gratuite,2
hidratantes y activos Clearance 2024 Home Decor,2
g?teaux Livraison gratuite jusqu'¨¤ 5 $cette semaine Livraison gratuite,2
g?teau bonbons 1 pi¨¨ce Livraison gratuite jusqu'¨¤ 5 $cette semaine,2
grains bread 600g,2
gluten free snack size popcorn bag for on the go.,2
gluten free snack made in a peanut free facility,2
gluten free microwave popcorn with a high source of fibre and 50% less fat*,2
freestylehome Wide Application Steel And Practical Dressing Seal Well£¬Convenient Salad Dressing Cups Application And Seal Well purple lid 1 Pc,2
freestylehome Wide Application Steel And Practical Dressing Seal Well£¬Convenient Salad Dressing Cups Application And Seal Well light green lid 1 Pc,2
freestylehome Wide Application Steel And Practical Dressing Seal Well£¬Convenient Salad Dressing Cups Application And Seal Well Yellow lid 1 Pc,2
freestylehome Seal Well Salad Dressing Cups For Leak-proof Transport Of Sauces And Dressings Easy To Open purple lid 3Set,2
freestylehome Flower Pattern Rotating Candy Box Wedding Favor Box Divided Dried Fruit Plate Snacks Sunflower Seed Container,2
freestylehome Compatible Coffee Cup for B31 B40 B44 B60 B70 B77 K45 Versatile and Time-Saving Style A 1Set,2
freestylehome 2pack/lot Stainless Steel Made Screen Filter Non-toxic And Safe For Food Contacting High Precision 53.5mm£¬1.7mm£¬150um,2
freestylehome 1/2/3/5 Cake Pearl Applicator Home Bakery DIY Baking Cake Edible Pearl Ball Decoration Applying Tool No.02 5PCS,2
flavourful taste and has no artificial colours or flavours.,2
fastboy Wear Resistance Electric Pepper Mill For Long-lasting Performance Made Of Biodegradable pink,2
fastboy Birthday cake with card balloons,2
facefd Premium Tea Filters Hanging for Most Mug Kettle Sealed Thread Connection oval,2
facefd 100Pcs/Lot Teabags Lightweight Empty Square Cooking Spice Scented Tea Bags with Seal Filter Paper Natural Drawstring Herb Pouch 100pcs 8x10cm,2
enqiretly 300 Pieces Teabags Drawstring Filter 300x Set Drawstring Empty Bags Strainer Infuser Pouch Penetration Seal Tea Bag Powder Spices Teaware 6*8 CM,2
each 26g.,2
cuisson au four,2
crgrtght Up to 60% off Gifts Household ice cream DIY mixed color conjoined popsicle with lid,2
crgrtght Open Box Deals Clearance Carton Popsicle Ice Cream Six Popsicle Box Ice,2
crgrtght Cut¨ªculas de pies cut¨ªculos mascarilla de pies cut¨ªculos calcetines pel¨ªcula de pies de beb¨¦ 1 par de 10ml,2
crgrtght Bo?te de rangement de fruits Flip bread cake bo?te de rangement vaisselle pr¨¦sentoir,2
crgrtght 304 en acier inoxydable approfondir l'huile chaude po¨ºle ¨¤ frire ¨¤ l'huile huile Mini po¨ºle ¨¤ huile huile huile nouilles sp¨¦ciales gouttes d'huile petit plat ¨¤ lait,2
consolidar los dientes y refrescarse,2
colours may vary,2
bag,2
average 11 lb,2
available for a limited time only,2
auto - scell¨¦ moins de 5 $?conomisez jusqu'¨¤ 90%,2
ar?mes confortables de caf¨¦ et de lait pour toutes les occasions,2
and satisfying toppings.,2
and an elevated mac & cheese recipe.,2
all natural,2
Zero Sugar473 Millilitre,2
ZZwxWA Today Discount Coffee Filter Foldable Brewing Stainless Steel Filter Suitable For Any Cup,2
ZZwxWA Tax Free Weekend Coffee Beans Coffee Powder Dry Goods Sealed Container 304 Stainless Steel Sealed Storage Tank,2
ZZwxWA Tax Free Weekend Cheese Cream Cake Cheese Cheese Shape,2
ZZwxWA Home Stuff 460ml Plastic Seasoning Bottle With Holes Clear Powder Bottle Pepper Bottle Cumin Powder Cylinder Barbecue Seasoning Bottle Spice Sprinkling Bottle Today Discount,2
ZZwxWA Home Decor Ice Cream Food Grade Home Children's Homemade Ice Cream Refrigerator Popsicle Popsicle Ice Cream Popsicle Clearance Sales,2
ZZwxWA Home Decor Flash Deals Single Hole Sauces Extrusion Bottle Cream Sauces Extrusion Bottle Tomato Salad Sauces Extrusion Sauces Bottle,2
ZZwxWA Home Decor 460ml Plastic Seasoning Bottle With Holes Clear Powder Bottle Pepper Bottle Cumin Powder Cylinder Barbecue Seasoning Bottle Spice Sprinkling Bottle Flash Deals,2
ZZwxWA Holiday Saving Coffee Beans Coffee Powder Dry Goods Sealed Container 304 Stainless Steel Sealed Storage Tank,2
ZZwxWA Holiday Gift Finder Resin Jewelry Coloring Making Gypsum Products Handicraft Hand Water-based Paint 30ml,2
ZZwxWA Holiday Gift Finder Home Baking Bee Rice Cake Model Critter Cake Model,2
ZZwxWA Flash Deals DIY Conjoined Ice Cream Silica Gel ice Cream,2
ZZkhGo Online Shopping Popsicle Holders Bags Reusable Washable Ice Popsicle Holders 10pc,2
ZZkhGo Flash Deals Popsicle Holders Bags Reusable Washable Ice Popsicle Holders 10pc,2
Your Fresh Market,2
Youpin Jordan Judy Household Sealed Seasoning Jars Kitchen Oil Soy,2
Youkk Wide Application Steel Sauce With Convenient Salad Well£¬Convenient And Salad Dressing Wide Application And Seal Well light green lid 1 Pc,2
You can trust Gay Lea Butter,2
Yeacher Unbleached Dripper Filter Cone Paper Coffee Filter V Shaped Coffee Filters Pour Over Filter,2
Xingzhi Water Tank - Stylish And Functional Suitable For Home And Professional Elegant Easy To Container With 5.5 L 3Set,2
Xingzhi Coffee Filter Handheld Strainers Household Accessories Drink Strainer Professional Takedown Design Filtering Bag 100mm 1Set,2
Xihbxyly up to 60% off Gifts Coffee Cup Filter Screen Double-layer Portable Hand Brewed Coffee Folding Ear Filter Drip Coffee Coffee Cup,2
Xihbxyly Summer Savings Clearance Coffee Filter Cup Drip Cup Hand-Brewed Coffee Cup Drip Filter Coffee Filter Cup for Hiking Camping Home Office,2
Xihbxyly Holiday Deals Household Round Fruit Snacks Sugar Biscuits Striped Fruit Melon Fruit,2
Xihbxyly Flash Deals Sale Items Cheese Cream Cake Cheese Cheese Shape,2
Xihbxyly Deals of The Week Ice Cream Stick Ice Ice Cream Diy Ice Cream,2
XWSHYW organizer Box Segmented Candy Box Household Nut Box Dried Fruit Box Living Room Snack Box Plastic Fruit Box Snack Box,2
XWSHYW Storage Containers Segmented Candy Box Household Nut Box Dried Fruit Box Living Room Snack Box Plastic Fruit Box Snack Box,2
XWSHYW Flash Deals Solid Wood Pepper Powder Grinder Black Pepper and Sichuan Pepper Ground Manual Grinder,2
XWSHYW Flash Deals Sale Items Baking Powder Repair Powder Repair with Pearl Like Suitable for Skin tone and Blended with Skin tone 9G,2
XWSHYW Flash Deals Of The Day Online Only Baking Powder Repair Powder Repair with Pearl Like Suitable for Skin tone and Blended with Skin tone 9G,2
XWSHYW Flash Deals Of The Day Baking Powder Repair Powder Repair with Pearl Like Suitable for Skin tone and Blended with Skin tone 9G,2
XWSHYW Flash Deals Clearance Whole Grains Rice Bucket Wall-Mounted Rice Storage Tank Out Rice,2
Wweixi Teabags Non-woven Fabrics Square Food Grade Scented Tea Bags with Seal Filter Paper Loose Strainer Steeper Drawstring Herb Pouch TYPE5 100pcs 8x10cm,2
Wweixi Teabags Non-woven Fabrics Square Food Grade Scented Tea Bags with Seal Filter Paper Loose Strainer Steeper Drawstring Herb Pouch TYPE3 100pcs 6x8cm,2
Wweixi Teabags Non-woven Fabrics Square Food Grade Scented Tea Bags with Seal Filter Paper Loose Strainer Steeper Drawstring Herb Pouch TYPE1 100pcs 5x7cm,2
Wweixi Cake Decorating Fondant Tool Set Non-Toxic And Eco-Friendly For DIY Cake Decorations High As Shown 5Set,2
Wweixi 10 Pieces Stamping Gold Insect Cake Sign Party Butterflies Dessert Decoration Pastry Cakes Decor Baking Shape Simulation Type 6 5Set,2
Wweixi 10 Pieces Stamping Gold Insect Cake Sign Party Butterflies Dessert Decoration Pastry Cakes Decor Baking Shape Simulation Type 6 3Set,2
Wweixi 10 Pieces Stamping Gold Insect Cake Sign Party Butterflies Dessert Decoration Pastry Cakes Decor Baking Shape Simulation Type 4 5Set,2
Wweixi 10 Pieces Stamping Gold Insect Cake Sign Party Butterflies Dessert Decoration Pastry Cakes Decor Baking Shape Simulation Type 4 2Set,2
Wweixi 10 Pieces Stamping Gold Insect Cake Sign Party Butterflies Dessert Decoration Pastry Cakes Decor Baking Shape Simulation Type 1 1Set,2
Woodland Animals12 Each,2
Wooden Christmas Frame Advent Countdown Calendar Empty DIY Refillable Unfinished Chocolate Rack Ornament Miniature Gift Animal,2
Winter Warm Handlebar Cover Antler Thick Plush Steering Wheel Cover Rwvbm,2
Wine,2
Wide Steel Cup And Practical Multi-functional Steel Sauce Cup Kitchen Salad Dressing Seal Well£¬Convenient And Salad Cups Application Well Blue lid,2
Wide Steel Cup And Practical Multi-functional Steel Condiment Containers Salad Dressing Seal Well£¬Convenient And Salad Cups Application Well purple lid,2
Wide Steel Cup And Practical Multi-functional Salad Dressing Seal Well£¬Convenient And Salad Cups Application Well 70ml*6 packs (bags),2
Wide Steel Cup And Practical Multi-functional Salad Dressing Seal Container Salad Dressing Containers Well£¬Convenient And Salad Cups Application Well purple lid,2
Wide Steel Cup And Practical Multi-functional Cup Sauce Container Salad Dressing Seal Well£¬Convenient And Salad Cups Application Well Yellow lid,2
Wide Steel Cup And Practical Multi-functional Container Kitchen Tools Salad Salad Dressing Seal Well£¬Convenient And Salad Cups Application Well Blue lid,2
Wholemilk pouches,2
Whole leeks,2
Whole Grain Whole Wheat Spaghetti375g,2
Whole Grain Whole Wheat Rotini375g,2
Whole Grain Whole Wheat Lasagne375g,2
Whole,2
White255g,2
White120g,2
White Roses9g,2
Wheat-Free,2
We¡¯re combining the best traits of Coca-Cola Zero Sugar and Oreo to help you find a new friend with all the flavor. Taste it while it lasts!,2
Weight - 284g,2
Weekly flyer pimelu Vacuum Sealer Machine-Vacuum Sealer Machine Automatic Sealing System With 10 Heat Bags For Foods Storage Fresh-Keeping The Big Save,2
Weekly flyer pimelu Rain Gauge Freezes Proof Rain Gauge Outdoor Besting Rated Large Clear Numbers Rain Gauges For Yard With Stake Adjustable Height Rain Measuring Tool For Garden Flyer Deals,2
Weekly flyer pimelu Garden Art Crafts Flower Pot Storage Garden Decoration Art Hottest Deals,2
Weekly flyer pimelu All Stainless Steel Pet 3.2L Large Capacity Popular SUS304 Pet Water Dispenser For Cats And Dogs Hottest Deals,2
Watson Frozen Fish Ball-Small Bag,2
Watson AC Frozen Shrimp Har Gow,2
"Walden Farms Chocolate Syrup is the new classic. Stock up for whenever cravings strike and drizzle over ice cream or make a shake!
Syrupy Goodness ¨C This natural?chocolate syrup is packed wit",2
,
WJSXC Three-dimensional Easter with Pattern Dinosaur Chocolate,2
WHOPPERS and OH HENRY! snack sized candy bars.,2
Volume/Quantity - 95g,2
Volume/Quantity - 90g,2
Volume/Quantity - 65g,2
Volume/Quantity - 60g,2
Volume/Quantity - 55g,2
Volume/Quantity - 180g,2
Volume/Quantity - 105g,2
Volume Quantity: 375g,2
Volume Quantity : 375g,2
Volume 1.2kg,2
Violife Mozzarella Style Shreds,2
Violife Cheddar Style Shreds,2
Vinyl Figure: Harry Potter - Voldemort,2
Viflosae up to 60% off Gifts 2pcs Portable Plastic Large Garden And Yard Leaf Hand Leaf Rakes And Leaf Collector Garden Tools For Garden Rubbish Flash Deals,2
Viflosae Savings DIY Christmas Tree Chocolate Cake Decoration Baking Clearance Items,2
Viflosae Prime Deals 10 Popsicle Diy Ice Cream Ice Cream Prime Day Deals 2024 Canada,2
Viflosae Large Skull Cake Pan Haunted Baking Cake For Halloween And Birthday Party Back to savings,2
Viflosae Deals Flyer Ice Cream With Lid Popsicle Summer Ice Cream Prime Day Deals 2024 Canada,2
Viflosae Clearance Annual Events Christmas Wooden Ornament Add Color To Your Christmas 2PC Shop all,2
Viflosae Cheese Cream Cake Cheese Cheese Shape Holiday Gift Finder,2
Veggie Wieners,2
Veggie Ground Round,2
Veggie Burgers,2
Veggie Burger,2
Vanilla890 Millilitre,2
Vanilla12 Each,2
Value Size 230g,2
Vachon Chocolatey flavour Snack Cakes,2
VONKY Wide Application Steel Sauce With Multi-functional Salad Dressing Seal And Practical Salad Dressing And Seal Well Green lid 1 Pc,2
VONKY Filter Mesh Coffee Basket Powder Strainer Long Handle Stainless Steel Rustproof Multipurpose Handily Gripped Filtering Net Type 3,2
VONKY Aluminum Alloy Spray Proof Kitchen Modern Multi-functional Easy To Clean Easy To Install silver 5Set,2
VONKY Aluminum Alloy Spray Proof Kitchen Modern Multi-functional Easy To Clean Easy To Install silver 3Set,2
VONKY Aluminum Alloy Spray Proof Kitchen Modern Multi-functional Easy To Clean Easy To Install silver 2Set,2
VONKY 4pcs/set Easy To Cookie Set Effortlessly Cut Out Fun And Unique Cookies Elegant Gift As Shown 5Set,2
VONKY 2pcs Delicious And Nutritious Drinks With Multi-functional Nylon Fine Mesh Milk 25cm*30cm 5Set,2
VONKY 200piece Tea Bags Convenient And Hygienic Made With Non-woven Hygienic And Food Safe Easy To Carry white 5Set,2
VIOLIFE TEX MEX SHRD,2
Ustyle Coffee Filter Handheld Strainers Sweet Gift Drink Strainer Kitchenware Cloth Filters Handily Gripped Filtering Bag 100mm 1Set,2
Usmixi Online Shopping Stainless Steel Water Filter VegetableMoon Shaped Pot Side Filter Slag Separator Filter BafflePlate Two Options,2
Usmixi Holiday Saving Clear Frosted Pencil Holders Desktop Storage Makeup Brush Storage Holders Office Supplies Simples Pencil Stationery Thicker,2
Usmixi Flash Deals Wooden Pet Memorial Altar Piecess,2
Usmixi Clearance Sales Stainless Steel Sink Draw Faucet Splashs Proof Telescopic Pressure Household Wash Basin Hot and Cold Kitchen Faucet,2
Up to 95% off Gifts onlyliua Details About Tea Infuser Strainer Tea Bag Leaf Filter Diffuser for Indoor/Outdoor,2
Up to 60% off Gifts Dianli Tea Filter Clearance Items,2
Up to 60% off Gifts Dianli Silica Gel Tea Bag Tea Filter Silica Gel Tea Filter Shopping Spree Weekend,2
Unsweetened Vanilla1.89 Litre,2
Unsweetened Soya Beverage 1.89l,2
Unsalted100g,2
Unity Cake,2
Under Quick Bike Saddle Tube,2
Unbleached5kg,2
Unatoiry Ice Cream Cone Holder Waffle Cone Holder Food Holder for Birthday Decor Clear 19 x 9cm 1Set,2
Twinings Pure Peppermint 50ct,2
Twinings English Breakfast Strong 20ct,2
Twinings Earl Grey Creamy Vanilla 20ct,2
Turmeric,2
Tuna Salad Couscous & OO 160g,2
Tuna Salad Corn & OO 160g,2
Tray of 2,2
Torani Coconut Flavoring Syrup Plastic 750ml Bonus Squeeze Pump,2
Tomato & Basil Pasta Sauce,2
Tofu,2
Toffee,2
Thinsony Seal Well Salad Dressing Cups For Leak-proof Transport Of Sauces And Dressings Wide Application light green lid 2Set,2
Thinsony Seal Well Salad Dressing Cups For Leak-proof Transport Of Sauces And Dressings Wide Application Pink lid 2Set,2
Thinsony Seal Well Salad Dressing Cups For Leak-proof Transport Of Sauces And Dressings Wide Application Pink lid 1Set,2
Thinsony Seal Well Salad Dressing Cups For Leak-proof Transport Of Sauces And Dressings Wide Application 70ml*6 packs (bags) 5Set,2
Thinsony Durable Pastry Molds Maker For Rust-Resistant Crepes Tortillas To Corn Tortillas Comal For Tortilla balck 16cm,2
Thinsony 200pieces Essential For Tea Drinking Tea Bag High Temperature Resistant Tea Bags white 3Set,2
Thinsony 200pieces Essential For Tea Drinking Tea Bag High Temperature Resistant Tea Bags white 2Set,2
Thinsony 200pieces Essential For Tea Drinking Tea Bag High Temperature Resistant Tea Bags white 1Set,2
Thick & Rich Original680 Millilitre,2
The French Oven Peanut Free Two Layer Chocolate and Vanilla Cookie and Creme Cake,2
Teocary Home Baking Bee Rice Cake Model Critter Cake Model The Big Save Summer Clearance up to 70% off Up to 40% off,2
Tasting Fruit Water Bottle 0 Sugar And 0 Calorie Fragrance- Suction Cup Multiple Rings,2
Takis Hot Nuts Fuego,2
TWINING PCH&ORNG 20S,2
TWINING ENGBKFT 100S,2
TWINING CAMOMILE 50S,2
TPN ZS LEM 1.36,2
TPN WATERMElON 1.36l,2
TPN STRW PEACH 1.36,2
TPN LEMONADE 1.36,2
TPN BlCK BlBRY 1.36l,2
TORTELLINI CHEESE,2
TOFFEES,2
TIM HORTONS TH NCC BOLD,2
THE EXTREME PICKlE SPEAR HOT & SPICY 750ml,2
TH FV Cappuccino K-Cup 24ct,2
TETLEY ORPE 216CT,2
TETLEY OP 72CT,2
TETLEY BOLD 72CT,2
TBD,2
Sweet Middles Sprinkle Sandwich Cookies,2
Sweet Middles Oatmeal Raisin Crisp,2
Sweet Middles Chocolate Souffle,2
Sunset Flavor Bombs Tomatoes 12oz,2
Summer Savings onlyliua Coffee Filter Cup Drip Cup Hand-brewed Coffee Cup Drip Filter Coffee Filter Cup For Hiking Camping Home Office,2
Summer Savings Clearance! SuoKom Fruit Tray Clear Snack Display Tray Candy Snack Tray Nut and Dried Fruit Storage Box Snack Tray for Kitchen and Party Food and Pantry Organization on Clearance,2
Sugar Free20g,2
Strong Applicability Coffee Grinder Disc Enhanced Cutting Ability Stainless Steel For Milk Tea Shop Five Star Cone,2
String Cheese,2
Strawberry33g,2
Strawberry300g,2
Strawberry Watermelon,2
Stonefire? Garlic Naan 4PK,2
Stick 200gr,2
Stainless Steel Bartender Drink Mixer Milk Tea Shaker Beverages Mixed Shaker Martini Shaker Margarita Mixer Essential Bar Tools for Bartender,2
Squeezable750 Millilitre,2
Spice Supreme Lemon Pepper 141g 380222,2
Spice Supreme Garlic Powder 49g 380109,2
Spice Supreme - Seasoned Salt (149g) 380024,2
Spice Supreme - Imitation Rum Flavor (59ml) 309704,2
Spice Supreme - Imitation Bacon Bits(67g) 380079 - Pack of 3,2
Spice Supreme - Imitation Bacon Bits(67g) 380079,2
Spice Supreme - Ground All Spice 2.75 Oz (78g),2
Spice Supreme - Basil Leaves (21g) 380291,2
Spice Snaps310g,2
Special Edition,2
Sparkling Coconut Water Wtrmln,2
Sparkling Coco Water Pineapple,2
Spaghettini,2
Spaghetti Pasta900g,2
Spaghetti Pasta375g,2
Sourdough Rye275g,2
Sold in trays,2
Sold in bundle,2
Sold in Single,2
Sold by Leaf,2
Smoked100g,2
Smithfield Bacon Naturally Hickory Smoked,2
Small Fruit Salad,2
Slow Cooker Liner Saucepan Divider Slow Cooker Liner Easy Clean Nonstick Pan for Home,2
Slow Cooker Liner Saucepan Divider Slow Cooker Liner Easy Clean Nonstick Pan Deals of the Day,2
Sliced570g,2
Sliced528g,2
Sliced398 Millilitre,2
Skipjack in Water170g,2
SkinnyPop Gluten Free White Cheddar Popcorn 125g,2
Siruishop Coffee Cup 200ml Ceramic Coffee Cup Coffee Roasters Espresso Shot Coffee Cup inner white,2
Single 5ml Edible pigment,2
Single,2
Simulation biscuit cream cake model Strawberry Oreo fruit round cake dessert decoration shooting props,2
Simply lemonade 2.63l,2
Simply Steam Peaches & Cream C,2
Simmer Down Decaf1 Each,2
Silk Sleep Mask Eye Mask Blindfold With Double Layer Silk Filling-i,2
Shelf Stable,2
Sentmoon Wal-mart Deals Rose Flower Ice Cocktail Mix Ice Rose Flower 4 With Ice Tray Deals of The Day,2
Sentmoon Wal-mart Deals 6 Compartment Folding Popsicle Ice Cream Deals of the Day Clearance Prime,2
Sentmoon Wal-mart Deals 10 Popsicle Diy Ice Cream Ice Cream Deals of the Day Clearance Prime,2
Sentmoon Up to 90% Off Household ice cream DIY mixed color conjoined popsicle with lid Deals of the Day Clearance Prime,2
Sentmoon Todays Deals Clearance Sales Ice Cream Food Grade Home Children's Homemade Ice Cream Refrigerator Popsicle Popsicle Ice Cream Popsicle Sales Items for the Day,2
Sentmoon Todays Deals Clearance Sales Coffee Filter Cup Drip Cup Hand-brewed Coffee Cup Drip Filter Coffee Filter Cup For Hiking Camping Home Office Deals of the Day Clearance Prime,2
Sentmoon Prime Deals Whole Grains Rice Bucket Wall-Mounted Rice Storage Tank Out Rice Prime Day Deals 2024 Canada,2
Sentmoon Prime Deals Printed Kitchen Oil Barrier High Temperature Aluminum Foil Oil Baffle Sales Items for the Day,2
Sentmoon Deals of the Day Clearance Prime Printed Kitchen Oil Barrier High Temperature Aluminum Foil Oil Baffle Todays Deals Clearance Sales,2
Sentmoon Deals of the Day Clearance Prime Home Baking Bee Rice Cake Model Critter Cake Model Todays Deals Clearance Sales,2
Sentmoon Deals of the Day Clearance Prime DIY 4 Homemade Ice Cream Chocolate Candy With 20 Wooden Sticks Todays Deals Clearance Sales,2
Sentmoon Deals of the Day Clearance Prime 6 Compartment Folding Popsicle Ice Cream Wal-mart Deals,2
Sentmoon Deals of The Day Home Baking Bee Rice Cake Model Critter Cake Model Wal-mart Deals,2
Seasoning box household kitchen integrated multi-grid seasoning box salt MSG seasoning storage box condiment seasoning jar salt jar,2
Seasoning Bottle Box Jar Condiment Storage Container Rack Herb Spice Jar(set Of 6 Pcs) for Indoor/Outdoor,2
Seasoned Coating,2
Sea Salt & Vinegar198g,2
Sea Salt & Black Pepper100g,2
Sea Life12 Each,2
Savings,2
Sardo Hot Tapenade Jalapeno 180ml,2
Salted Caramel946 Millilitre,2
Salted Caramel Rice Chips90g,2
Salada Black Tea 72 count,2
Salad Dressing,2
Salad,2
SZXZYGS Olive Oil Sprayer for Cooking Type Sprayable Kitchen Olive Oil Spray Bottle for Bbq Kitchen Baking Roasting,2
SYNEAR PORK SOUPY DUMPLING,2
SWSN CMYPRM GLCKN OVNBK 992G,2
SWSN CHN RSYBTR PT SHPN 878G,2
SWEETS,2
STRW CRISPY BAR,2
STH Poutine Gravy Sauce 52g,2
STAWB-BlACK lIGHT 500ml,2
SPAGHETTI,2
SOUP VEGETABLE,2
SOUP CHICKEN NOODLE,2
SM COCOA MRSHM 12/313 GM,2
SM COCOA MC 12/313 GM,2
SJ PANTRY ORG 4/46/365G,2
SIWIN PLANT BASED DUMPLING,2
SEMPAI Rose Flower Ice Cocktail Mix Ice Rose Flower 4 With Ice Tray Summer Savings Clearance Labour Day,2
SEMPAI Dinosaur Tea Maker Stock Dragon Tea Bag Tea Filter Flash Deal Up to 60% off Canada Day,2
SCHAR GLUTEN-FREE MULTIGRAIN CIABATTA,2
SAUCE CRANBERRY JEl,2
SAMYANG Buldak Cream Carbonara Hot Chicken Flavor Ramen 5 Bag/Pack,2
S SERENABLE Thai Tea Filter Bag Coffee Tea Infuser Strainer Cotton Cloth Zipper M,2
Ruiboury Black Coffee Tea Net Filter Screen For Cleaner Brewing With Good Filtration Effect Fragrant type+1,2
Royal Blue120g,2
Round glasses-black frame blue light protection,2
Rotini Pasta700g,2
Rotini Pasta375g,2
Rongfmy Reusable Metal Cone Paperless Strainer Funnel Golden,2
Rocher Bars Raffaello G90x16,2
Roasted & SaltedBulk100g,2
Rkxzt Plastic Divided Snack Box with Cover Snack Fruit Tray Food Storage Lunch Box Removable and Washable Round Four Compartment Weekly Deals,2
Rkxzt Household Round Fruit Snacks Sugar Biscuits Striped Fruit Melon Fruit for Indoor/Outdoor,2
Rkxzt Cream Horn Model Stainless Steel Roll Flared Danish Croissant Model Holiday Gift Finder,2
Rice Box - Moisture- Sealed For Flour Bread Storage Gray 5kg,2
Rice Box - For Grain Dog Food Rice Cereal Bread Storage Black 5kg,2
Rhubarb,2
Reusable Silicone Baking Cups Nonstick,2
Reusable Popsicle Stick With For Homemade Popsicles & Ice Cream under $5 Saving Up To 90% Off,2
Reusable Non-Stick Bakeware Mat Grill Macaron Baking Paper Sheet 40x30cm,2
Reusable Coffee Capsule Pod Filter Cups Set With Spoon Brush Eco Friendly Stainless Steel Mesh Filter Suitable For Dolce Gusto,2
Retains Coffee Oils,2
Remedy Kombucha 4 x 330ml Peach,2
Remedy Kombucah 4 x 330ml Cherry Plum,2
Red99g,2
Red255g,2
Red120g,2
Ready to be enjoyed in just a few minutes.,2
Ready To Cook,2
Raw180g,2
"Raw, 8pcs",2
Rava idli,2
RaspberryBlueberry & Vanilla16 Each,2
Ranch100g,2
Rambutan,2
Rainbow150 Each,2
Rainbow Foil72 Each,2
RXIRUCGD Shoes Toddler Shoes Boys Girls British Style Knitted Elasticated Fashion Lace-up Non-slip Comfortable,2
RX PB CHOCBAR,2
RX MINI'S 2FLVS,2
RX CHOC SSLT BAR,2
RUSTICA RISING CRUST PEPPERONI PIZZA,2
RUSTICA PIZZERIA SOLO PEPPERONI PIZZA,2
RED LABEL BLACK LOOSE TEA,2
RAMEN NDLS CHIC FLV,2
Qukes 12oz Mini Cucumbers,2
Quick-dry nail polish,2
Quick Ramen Noodles For College Dorm Room,2
Que Pasa Mild Salsa,2
Quantity ¨C 78 grams,2
Quantity ¨C 689 grams,2
Quantity ¨C 568 grams,2
Qiopertar ?conomisez P?ques 8 cavit¨¦s moule bricolage chocolat Cupcake g?teau muffin moule de cuisson Livraison gratuite jusqu'¨¤ 5 $cette semaine,2
Qiopertar ?conomisez Moule en forme de p¨¨re No?l bricolage chocolat Cupcake g?teau muffin cuisson Livraison gratuite jusqu'¨¤ 5 $cette semaine,2
Qiopertar ?conomisez Cuill¨¨re ¨¤ huile de filtre en acier inoxydable cuill¨¨re ¨¤ huile de filtre multifonction en acier inoxydable maille fine filtre ¨¤ huile ?conomisez jusqu'¨¤ 90%,2
Qiopertar ?conomisez Chocolat 40 avec petit g?teau au chocolat DIY pot Livraison gratuite jusqu'¨¤ 5 $cette semaine,2
Qiopertar ?conomisez Arbre de No?l g?teau cadeau de No?l collection de No?l bricolage outils de cuisson Livraison gratuite jusqu'¨¤ 5 $cette semaine Livraison gratuite,2
Qiopertar Vente de liquidation Queue Pointue Brosse ? Bouteille D'huile Multifonctionnel Barbecue Brosse ? Bouteille D'huile De Cuisine Brosse ? Huile Brosse ? Huile Cuisine Barbecue Outil,2
Qiopertar Spatule anti - adh¨¦sive de qualit¨¦ alimentaire filtre ¨¤ huile cuill¨¨re avec r¨¦sistance ¨¤ la temp¨¦rature et la flexibilit¨¦ de la conception de s¨¦paration de l'huile,2
Qiopertar Silicone Tea Bag filtre ¨¤ th¨¦ silicone Tea Filter moins de 5 $?conomisez jusqu'¨¤ 90% Clearing livraison gratuite,2
Qiopertar Silicone Tea Bag filtre ¨¤ th¨¦ silicone Tea Filter Clearing livraison gratuite Liquidation sp¨¦ciale cette semaine,2
Qiopertar Sac ¨¤ th¨¦ lapin mignon de P?ques suspendu sac ¨¤ th¨¦ fixe sac ¨¤ th¨¦ fixe tasse ¨¤ th¨¦ d¨¦coration murale lapin diff¨¦renciateur Clearing livraison gratuite,2
Qiopertar R¨¦servoir de stockage d'eau scell¨¦ transparent ¨¦tanche ¨¤ l'humidit¨¦ dans la cuisine moins de 5 $?conomisez jusqu'¨¤ 90% Clearing livraison gratuite,2
Qiopertar R¨¦cipient de pansement pour bo?te ¨¤ lunch avec couvercle r¨¦cipient d'assaisonnement en acier inoxydable facile ¨¤ ouvrir ¨¦tanche petite trempette r¨¦utilisable,2
Qiopertar R¨¦cipient de cong¨¦lation en plastique r¨¦servoir de stockage r¨¦utilisable pour la pr¨¦paration des repas. Recyclable Layer Cake Box Packaging box Fruit Packaging box cr¨¨me glac¨¦e tiramisu,2
Qiopertar Po¨ºle ¨¤ frire en acier inoxydable anti - adh¨¦sif tamis ¨¤ huile outils de cuisson multiplex Packaging moins de 5 $?conomisez jusqu'¨¤ 90% Clearing livraison gratuite,2
Qiopertar Multifonctionnel 5 en 1 ¨¦plucheur pinceau de l¨¦gumes ouvre - bouteille moulin ¨¤ ail moins de 5 $?conomisez jusqu'¨¤ 90% Clearing livraison gratuite,2
Qiopertar Moulin ¨¤ caf¨¦ moulin ¨¤ grains ¨¦lectrique moulin ¨¤ ¨¦pices ¨¦lectrique moulin ¨¤ herbes ¨¦lectrique moulin ¨¤ ¨¦pices de grains de caf¨¦ avec 2 lames en acier inoxydable,2
Qiopertar Mini plat de soja assaisonn¨¦ avec poign¨¦e pour sauce tomate snacks aromatis¨¦s moins de 5 $?conomisez jusqu'¨¤ 90% Clearing livraison gratuite,2
Qiopertar Livraison gratuite en acier inoxydable Spinning Whisk 12 pouces semi - automatique Whisk presse manuelle Spinning Whisk pour moins de 5 $?conomisez jusqu'¨¤ 90%,2
Qiopertar Les lacunes G?teau grill¨¦ pour g?teaux et pains Offres pour moins de 5 $cette semaine ?conomisez jusqu'¨¤ 90%,2
Qiopertar Huile cuill¨¨re cuill¨¨re ¨¤ soupe spatule s¨¦parateur d'huile cuill¨¨re cuill¨¨re ¨¤ soupe fondue filtre ¨¤ huile s¨¦par¨¦ moins de 5 $?conomisez jusqu'¨¤ 90% Clearing livraison gratuite,2
Qiopertar G?teau fuuny mignon p?tisserie / biscuits / timbre autocollant Clearing livraison gratuite Liquidation sp¨¦ciale cette semaine,2
Qiopertar Flash Deals of the Day Portable Snack Platter Compartmentalized Storage Snack Candy Box up to 65% off Gifts Clearance,2
Qiopertar Flacon d'assaisonnement extrud¨¦ 11 OZ avec flacon d'assaisonnement chaud ¨¤ clapet huile d'assaisonnement extrud¨¦e gel liquide moins de 5 $?conomisez jusqu'¨¤ 90%,2
Qiopertar Filtre ¨¤ soupe cuill¨¨re ¨¤ huile huile de cuisine filtre ¨¤ soupe pi¨¨ces s¨¦par¨¦es moins de 5 $?conomisez jusqu'¨¤ 90% Clearing livraison gratuite,2
Qiopertar D¨¦tails sur Tea Pack Leaf Filter diffuseur Clearing livraison gratuite Liquidation sp¨¦ciale cette semaine,2
Qiopertar Double couleur cuisson ensemble de trois pi¨¨ces agitation grattoir cr¨¨me grattoir brosse ¨¤ huile outils de cuisson fournitures moins de 5 $?conomisez jusqu'¨¤ 90%,2
Qiopertar Dinosaur Tea set en stock Dragon Tea Pack filtre ¨¤ th¨¦ moins de 5 $?conomisez jusqu'¨¤ 90% Clearing livraison gratuite,2
Qiopertar Cute human Baking gadget spatule de cuisson pour enfants ustensiles de cuisine brosse ¨¤ huile spatule batteur d'oeufs cuill¨¨re ¨¤ soupe mesure sp moins de 5 $?conomisez jusqu'¨¤ 90%,2
Qiopertar Clearing livraison gratuite Probi¨®ticos pasta de dientes blanca brillante pasta de dientes blanca fresca tono fresco pasta de dientes blanca 120g,2
Qiopertar Clearing livraison gratuite Manucure bicolore solide miroir poudre carr¨¦ bicolore ongle miroir poudre titane poudre Offre de moins de 5 $cette semaine,2
Qiopertar Clearing livraison gratuite Accueil haute temp¨¦rature brosse ¨¤ huile avec bouteille cuisine qualit¨¦ alimentaire barbecue cuisson - une bouteille de brosse ¨¤ huile,2
Qiopertar Clearance Sale Round Household Dipping Seasoning Dish Made Of Straw Deals of the Week under $5,2
Qiopertar Clearance Home Decor Easter Lovely Rabbit Tea Bag Hanging Fixed Tea Bag Fixed Tea Bag Tea Cup Wall Decoration Rabbit Differentiator under $2 Saving Up To 99% Off,2
Qiopertar Clearance Home Decor Easter 6 With 15 With Diy Chocolate Candle under $2 Saving Up To 99% Off,2
Qiopertar Clearance Home Decor Coffee Filter Cup Drip Cup Hand-brewed Coffee Cup Drip Filter Coffee Filter Cup For Hiking Camping Home Office under $2 Saving Up To 99% Off,2
Qiopertar Clearance Home Decor 100pcs Empty Teabags String Heat Filter Paper Herb Loose Tea Bag under $2 Saving Up To 99% Off,2
Qiopertar Clearance Free Shipping Ice Cream Molds Home Make Popsicle Popsicle Diy Ice Cream Frozens Ice Block Box Ice Cream Ice Box Homemade Ice Box Popsicle under $5 Saving Up To 90% Off,2
Qiopertar Clearance Free Shipping Ice Cream Food Grade Home Children's Homemade Ice Cream Refrigerator Popsicle Popsicle Ice Cream Popsicle under $5 Saving Up To 90% Off,2
Qiopertar Clearance Free Shipping Candy Box Nut Snack Organizer Melon Dried Fruit Tray With Lid Compartment Double Storage Box Nut And Dried Fruit Organizer Snack Tray For Kitchen And Parties,2
Qiopertar Clearance Free Shipping 4 Hand-held Popsicles With Transparent Self-made Ice Cream With Lid under $5 Saving Up To 90% Off,2
Qiopertar Clearance 65% Off Popsicle Holders Bags Reusable Washable Ice Popsicle Holders 10pc Great gifts for less Savings,2
Qiopertar Capsules de caf¨¦ r¨¦utilisables et r¨¦utilisables pour machine filtre moins de 5 $?conomisez jusqu'¨¤ 90% Clearing livraison gratuite,2
Qiopertar Brosse ¨¤ huile maison assaisonnement brosse ¨¤ huile Split cuisine alimentaire brosse ¨¤ huile barbecue moins de 5 $?conomisez jusqu'¨¤ 90% Clearing livraison gratuite,2
Qiopertar Brosse ¨¤ huile de bouteille d'huile de qualit¨¦ alimentaire avec couvercle r¨¦sistant aux temp¨¦ratures ¨¦lev¨¦es bouteille d'huile Extrusion barbecue brosse ¨¤ huile barbecue,2
Qiopertar Brosse ¨¤ barbecue brosse ¨¤ barbecue avec bouteille brosse ¨¤ huile moins de 5 $?conomisez jusqu'¨¤ 90% Clearing livraison gratuite,2
Qiopertar Brosse huile contr?l¨¦e bouteille de brosse cuisine haute temp¨¦rature transparent moins de 5 $?conomisez jusqu'¨¤ 90% Clearing livraison gratuite,2
Qiopertar Bo?te d'assaisonnement cuisine quatre pi¨¨ces une cuill¨¨re ¨¤ soupe pour mettre l'assaisonnement acidifiant MSG sucre sans cha?ne bo?te de rangement d'¨¦pices bo?te d'assaisonnement pot set,2
Qiopertar Bouteille distributeur de miel ketchup bouteille de lait maison bouteille d'huile en plastique r¨¦servoir d'huile Clearing livraison gratuite Liquidation sp¨¦ciale cette semaine,2
Qiopertar Bouteille d'huile verre cuisine maison quantitative ¨¦tanche grande bo?te d'¨¦pices pot d'¨¦pices haute temp¨¦rature interrupteur automatique bouilloire ¨¤ huile,2
Qiopertar Bouteille d'huile maison cuisine verre bouteille d'huile bouteille d'¨¦pices pot d'aromatisation seau ¨¤ huile ¨¦tanche grande capacit¨¦ Cuisine Restaurant,2
Qiopertar Bouilloire ¨¤ huile en acier inoxydable cuisine filtre ¨¤ huile tasse ¨¤ huile domestique moins de 5 $?conomisez jusqu'¨¤ 90% Clearing livraison gratuite,2
Qiopertar Bol pliant ¨¤ trois couches assiette de fruits pliante et plat assiette de fruits pliante multicouche snacks bonbons l¨¦gumes stockage moins de 5 $?conomisez jusqu'¨¤ 90%,2
Qiopertar Big holiday Savings! Dinosaur Tea Maker Stock Dragon Tea Bag Tea Filter Clearance Saving Up To 65% Off,2
Qiopertar Big holiday Savings! Coffee Filter Cup Drip Cup Hand-brewed Coffee Cup Drip Filter Coffee Filter Cup For Hiking Camping Home Office Clearance Saving Up To 65% Off,2
Qiopertar Big holiday Savings! Carton Popsicle Ice Cream Six Popsicle Box Ice Clearance Saving Up To 65% Off,2
Qiopertar Big holiday Savings! 4 Popsicle Diy Ice Cream Ice Cream Clearance Saving Up To 65% Off,2
Qiopertar Acier inoxydable filtre ¨¤ huile cuill¨¨re s¨¦parateur d'huile cuill¨¨re ¨¤ soupe cuill¨¨re s¨¦parateur de graisse moins de 5 $?conomisez jusqu'¨¤ 90% Clearing livraison gratuite,2
Qiopertar Accueil fruits secs moulin ¨¤ ail moulin ¨¤ noix moulin ¨¤ noix main gingembre Grinder Clearing livraison gratuite Liquidation sp¨¦ciale cette semaine,2
Qiopertar Accueil avec bouteille brosse ¨¤ huile bouteille d'huile en verre int¨¦gr¨¦ silicone brosse barbecue pinceau sp¨¦cial cuisine cr¨ºpes cuisson brosse ¨¤ huile,2
Qiopertar Accueil Floating scratch Mesh bags machine ¨¤ laver sac de filtre ¨¤ linge moins de 5 $?conomisez jusqu'¨¤ 90% Clearing livraison gratuite,2
Qiopertar Accueil Cuisine cuisini¨¨re Foil huile cuisson Hot clapet outils de cuisine moins de 5 $?conomisez jusqu'¨¤ 90% Clearing livraison gratuite,2
Qiopertar 304 en acier inoxydable approfondir l'huile chaude po¨ºle ¨¤ frire ¨¤ l'huile huile Mini po¨ºle ¨¤ huile huile huile nouilles sp¨¦ciales gouttes d'huile petit plat ¨¤ lait,2
Qiopertar 3 en 1 acier inoxydable double vide Cola canette bouteille de bi¨¨re 12oz refroidisseur d'isolation avec ouvre - bouteille moins de 5 $?conomisez jusqu'¨¤ 90%,2
Qiopertar 180ml 250ml non suspendu Huile Verre ¨¦tanche cuisine Spray pot maison assaisonnement Spray pot moins de 5 $?conomisez jusqu'¨¤ 90% Clearing livraison gratuite,2
Qiopertar 100 sachets de th¨¦ vides Brochettes de papier filtre thermique vanille sachets de th¨¦ en pin moins de 5 $?conomisez jusqu'¨¤ 90% Clearing livraison gratuite,2
Purple One Size,2
Pure Natural Maple Sugar Goodness,2
Pumpkin Spice Latte42g,2
Professional Ink long lasting Fast Coloring Pigment Orange label 29.6ml,2
Previously Frozen375g,2
Prepack300g,2
Premium Refillable Manual Adjustable and Coarse Mill Short with stand,2
Powder Spreading Bot Rwvbm,2
Potato Chips - Value Size275g,2
Portable with Accessories Dimensions 15.7x9.5x2cm with Anti Leaking Silicone Seals Convenient Durable for Women Sturdy Yellow,2
Portable with Accessories Dimensions 15.7x9.5x2cm with Anti Leaking Silicone Seals Convenient Durable for Women Sturdy Blue,2
Popsicle Holders Bags Reusable Washable Ice Popsicle Holders 10pc Rwvbm,2
Popcorn Machine Wal-mart Deals,2
Popcorn Machine Flash Deals,2
Pop Vinylfigur: Harry Potter: Mad-Eye Moody,2
Pomelo,2
Poker Rank Of Hands Vintage Look 20x30 Cm Iron Decoration Art Sign For Home Kitchen Bathroom Farm Ga,2
Plastic Yilush,2
Plastic Leak Proof Student Lunch Box,2
Plant Based Dairy Free Milk,2
Plain625g,2
Pizza Snax Pepperoni,2
Pitted Kalamata Olives,2
Pink120g,2
Pickles,2
Pickled Mustard,2
Pepsi Classic Logo Distressed Screen Print T-Shirt-Large,2
Pastel4 Each,2
Parmesan500g,2
Paperless Coffee Filter Portable Metal Cone Filter for Camping Hiking Travell,2
Paperless Coffee Filter Portable Metal Cone Filter for Camping Hiking,2
Pack of 88 Each,2
Pack of 83.4kg,2
Pack of 6; 510g,2
Pack of 5; 375g,2
Pack of 3 Bags3 Each,2
Pack of 2,2
Pack of 100 Tea Bags,2
Pack of 10 Bags10 Each,2
PTI CORIANDER POWDER,2
PRIME LEMONADE,2
PRG MNGLS CA SHWTCDRRCH PFD SNKS 155GMX6,2
PRG MNGLS CA DL PKL RCH PFD SNKS 155GMX6,2
PRG MNGLS CA CHDR&SRCRM PFD SNKS 155GMX6,2
PREMIUM FROZEN DESSERT IN A SWEET RICE DOUGH,2
PP2 One Size,2
PIE CRUST,2
PEACHES-MANGOS-ORANGES LIGHT,2
PAW PATROL POPUP EGG,2
PANCAKES SPINACH,2
Oven RoastedUnsalted350g,2
Oven Roasted175g,2
OriginalBulk100g,2
Original180g,2
Original With Sesame 75g,2
Original King Size1kg,2
Original Hawaiian Sweet,2
Original Fig57g,2
Organic227g,2
Organic Bartlett,2
Organic - 532ml,2
Orange Tangerine,2
One 79 G of REESE'S Big Cup with Caramel,2
Oltymes Thick Poha,2
Office Tea Making,2
Oats& Seeds9g Protein190 Millilitre,2
Oatmeal225g,2
Oatmeal Chocolate Chip900g,2
Oat Coffee Creamer Orig 946ml,2
OVEN EASY BAKE ITL SSGE PPR 879GM,2
ORGGRNTEA 40CT,2
ORGANIC STICKY RICE,2
OD VARIETY PACK,2
Nutri Large Brown Eggs,2
Nrmrq for indoor/Outdoor Silica Gel Tea Bag Tea Filter Silica Gel Tea Filter,2
No condiments included,2
No artificial sweeteners or added sugar.,2
No Sugar Added4 Each,2
No Stir340g,2
No Salt Added796 Millilitre,2
No Salt Added213g,2
No Preservative,2
New Wireless Lavalier Microphone Microphone For Android Mobile Live Recording Interview Microphone,2
Net weight: 51g,2
Net weight: 500g,2
Net weight: 19g/pen,2
Net weight 228g,2
Net weight 200g,2
Net content: 142ml,2
Net Wt. 425 g 15 Oz,2
Net Weight : 800 g / 32 packs,2
Net Weight 130g,2
Nerds Candy Corn,2
Naturally Flavoured Drink Mix,2
National Lampoon's Christmas Vacation Halloween Vacation Advent Calendar Calendar Contains 24 Christmas Decoration Arrival Calendar Christmas Countdown Calendar Advant Calendar_#052 B,2
National Lampoon's Christmas Vacation Halloween Vacation Advent Calendar Calendar Contains 24 Christmas Decoration Arrival Calendar Christmas Countdown Calendar Advant Calendar_#023 A,2
National Lampoon's Christmas Vacation Halloween Advent Calendar Contains 24 Advent Calendar Figures Doll Advent Calendar Countdown Calendar with Surprise Collectibles Figures Gift for Kids #064 A,2
National Lampoon's Christmas Vacation Halloween Advent Calendar Calendar Contains 24 Christmas Decoration Arrival Calendar Christmas Countdown Calendar Advant Calendar_#073 A,2
National Lampoon's Christmas Vacation Halloween Advent Calendar 2024 Contains 24 Gifts Advent Calendar 24 Christmas Arrival Calendar Christmas Countdown Calendar with Christmas Collectibles #023 A,2
National Lampoon's Christmas Vacation Halloween Advent Calendar 2024 Advent Calendar Contains 24 Christmas Decoration Arrival Calendar Christmas Countdown Calendar Advant Calendar_#023 A,2
National Lampoon's Christmas Vacation Christmas Vacation Advent Calendar 24 Days Of Holiday Advent Calendar Countdown Calendar Mystery Contains 24 Gifts Advant Calendar_#002 C,2
National Lampoon's Christmas Vacation Christmas Vacation Advent Calendar 24 Days Of Holiday Advent Calendar Countdown Calendar Mystery Contains 24 Gifts Advant Calendar_#001 C,2
National Lampoon's Christmas Vacation Christmas Advent Calendar 24 Days Of Holiday Advent Calendar Countdown Calendar Mystery Contains 24 Gifts Advant Calendar_#003 C,2
National Lampoon's Christmas Vacation Christmas Advent Calendar 24 Days Of Holiday Advent Calendar Countdown Calendar Mystery Contains 24 Gifts Advant Calendar_#002 C,2
National Lampoon's Christmas Vacation Christmas Advent Calendar 2024 Contains 24 Gifts Advent Calendar 24 Christmas Arrival Calendar Christmas Countdown Calendar with Christmas Collectibles #052 B,2
National Lampoon's Christmas Vacation Christmas Advent Calendar 2024 Advent Calendar Contains 24 Christmas Decoration Arrival Calendar Christmas Countdown Calendar Advant Calendar_#052 B,2
National Lampoon's Christmas Vacation Christmas Advent Calendar 2024 Advent Calendar Contains 24 Christmas Decoration Arrival Calendar Christmas Countdown Calendar Advant Calendar_#023 A,2
National Lampoon's Christmas Vacation Advent Calendar for Teens Advent Calendar Contains 24 Christmas Decoration Arrival Calendar Christmas Countdown Calendar Advant Calendar_#073 A,2
National Lampoon's Christmas Vacation Advent Calendar for Teens Advent Calendar Contains 24 Christmas Decoration Arrival Calendar Christmas Countdown Calendar Advant Calendar_#052 B,2
National Lampoon's Christmas Vacation Advent Calendar for Teens 24 Days Of Holiday Advent Calendar Countdown Calendar Mystery Contains 24 Gifts Advant Calendar_#003 C,2
National Lampoon's Christmas Vacation Advent Calendar for Teens 24 Days Of Holiday Advent Calendar Countdown Calendar Mystery Contains 24 Gifts Advant Calendar_#002 C,2
National Lampoon's Christmas Vacation Advent Calendar 2024 Kids Advent Calendar Contains 24 Christmas Decoration Arrival Calendar Christmas Countdown Calendar Advant Calendar_#052 B,2
National Lampoon's Christmas Vacation Advent Calendar 2024 Advent Calendar Contains 24 Christmas Decoration Arrival Calendar Christmas Countdown Calendar Advant Calendar_#073 A,2
National Lampoon's Christmas Vacation Advent Calendar 2024 Adult Advent Calendar Contains 24 Christmas Decoration Arrival Calendar Christmas Countdown Calendar Advant Calendar_#023 A,2
National Lampoon's Christmas Vacation Advent Calendar 2024 24 Days Of Holiday Advent Calendar Countdown Calendar Mystery Contains 24 Gifts Advant Calendar_#003 C,2
National Lampoon's Christmas Vacation Advent Calendar 2024 24 Days Of Holiday Advent Calendar Countdown Calendar Mystery Contains 24 Gifts Advant Calendar_#002 C,2
National Lampoon's Christmas Advent Calendar Gifts,2
NS SHIN RAMYUN RED (4PK),2
NERDS GUMMY CLUSTERS,2
Mutti Passata,2
Mini Rainbow Daisy32 Each,2
Mini Iced Oatmeal No Sugar Added142g,2
Milk Fruit,2
Milk Chocolate240g,2
Mexican Salsa 300ml,2
Menudo / Afritada,2
Men Adjustable Drawstring Swim Shorts Board Shorts Swimwear Quick-dry Beach Shorts with Swimming Cap,2
Medium Roast300g,2
Medium Roast12 Each,2
Medium Roast10 Each,2
Medium Roast Crema e Gusto12 Each,2
Medium Roast,2
Medium Fruit Salad,2
Medium Dark340g,2
Medium Dark14 Each,2
Maxwell House Instant Coffee,2
Mario's Flakes of Ham 156 grams,2
Margherita330g,2
Margarine,2
Marca Pina Cane Vinegar 1l,2
Manischewitz Potato Latke Mix,2
Manicotti Pasta225g,2
Make up to 800 portions,2
Magical Mix297g,2
MW Original CRL 460GX12,2
MW ICED LATTE FOAM HAZELNUT 165G,2
MW ICED LATTE FOAM CARAMEL 165G,2
MW Brown Sugar CRL 460GX12,2
MAOWAPLG Four Compartments Seasoning Jar Compartment Multifunctional Seasoning Can of Spices Household Seasoning Combination Set Spice Can of Spices,2
Lubelski 15g Cake Decorating Powder with Bottle DIY Shiny Tasty Cookies Icing Cake Color Powder for Kitchen,2
Low Carb544g,2
Lolmot Tea Filter Bags for Loose Tea 100Pcs Empty Teabags String Heat Seal Filter Paper Herb Loose Tea Bag,2
Lollibombs Tomatoes,2
Lisbinx Double Layer Candy And Dried Fruit Rotating Design Dessert Holiday Deals,2
Lisbinx Double Layer Candy And Dried Fruit Rotating Design Dessert Flash Deals,2
Lisbinx Birthday Cake Baking Decoration Aerospace 3-piece Set Astronaut Astronaut Star System Cake Decoration Car Decoration for Home,2
Lisbinx 4 Hand-held Popsicles With Transparent Self-made Ice Cream With Lid Clearance Items,2
Linguine Pasta900g,2
Linguine,2
Lightly Salted Pistachios,2
Light284 Millilitre,2
Light Rye270g,2
Light Roast12 Each,2
Light Grey,2
Leeks,2
Large Fruit Tray With Dip,2
Large Format 16 oz 454g,2
Large Capacity Flower Tea Cold Water Kett,2
Langgg 100Pcs/Lot Teabags Lightweight Empty Square Cooking Spice Scented Tea Bags with Seal Filter Paper Natural Drawstring Herb Pouch 100pcs 5x7cm,2
"Lactose & Gluten Free
375g",2
,
LSLJS 304 Three-layer Steel Thickened Hot Oil Small Pot Stainless Steel Deepened Min Splashing Oil Burning Oil Household Small Oil Pot Home Accessories,2
LOVIVER 300 Pcs Time-saving Garment Colored Blank Hanger Size Marker - Personalized Your Dark Green,2
LIGHT STAWBERRY RHUBARB,2
LEMONADE,2
LAITERIE OUTAOUAIS 1% MILK,2
Kttectoa up to 60% off Colored Flame Cles Birthday Cles Party Cake Cles CoolGood-looking Deals up to 70% off,2
Kttectoa up to 60% off Colored Flame Cles Birthday Cles Party Cake Cles CoolGood-looking Deals on grocery,2
Kttectoa Cup-Shaped Coffee Pod Storage Rack For Counter Coffee Bar Savings,2
Kool Aid flavoured gummies,2
Kodiak Cakes 6ct Oatmeal Packets Maple Brown Sugar,2
Kitchen multi-function seasoning rack household countertop double-layer oil salt soy sauce vinegar storage rack stove storage seasoning jar rack.,2
Kinder Bueno T55x8 HW,2
Kids Toys for 3 4 5 6 7 8 Years Old Boys Girls,2
Kids Play animal,2
Kids,2
Khaki One Size,2
Keurig K-cup Pod 30ct,2
Keurig K-Cup 30ct Pod,2
Kelly Green120g,2
Kedem M- Grape Juice light Concord KPY 1.5l,2
Karymi Household Round Fruit Snacks Sugar Biscuits Striped Fruit Melon Fruit Summer Savings Flash Deal Halloween,2
KUHN DILL PICKLES,2
KRAFT ZESTY ITALIAN DRESSING 425,2
KRAFT THREE CHEESE RANCH DRE 425,2
KRAFT RANCHER'S CHOICE DRESSING 425,2
KRAFT PEPPERCORN RANCH DRE 425,2
KRAFT FRENCH DRESSING 425,2
KRAFT CREAMY CUCUMBER DRESSING 425,2
KRAFT CREAMY CAESAR DRESSING 425,2
KRAFT COLESLAW DRESSING 425,2
KRAFT CATALINA DRESSING 425,2
KRAFT CAESAR W BACON DRESSING 425,2
KRAFT C-WISE POPPYSEED DRESSING 425,2
KRAFT BALSAMIC VIN DRESSING 425,2
KR SUNDRIED TOM & OREG DRE 425,2
KR GREEK FETA & OREGANO DRE 425,2
KR CREAMY POPPYSEED DRE 425,2
KR C-WISE RANCHER'S CHOICE DRE 425,2
KR C-WISE GK FETA & OREGANO DRE 425,2
KR C-WISE BALSAMIC VIN DRESSING 425,2
KFI ACHARI MANGO,2
Jienlioq Kitchen Supplies Clearance Star Pepper Seasoning Stick Kitchen Black Pepper Seasoning Widget Big Save,2
Japceit Solid Wood Pepper Powder Grinder Black Pepper And Sichuan Pepper Ground Manual Grinder,2
Jammies strawberry jelly sandwich,2
Jalapeno & Cheddar235g,2
JANES ultimates TAVERN BATTERED COD FILLETS,2
J. America Tailgate Hooded Sweatshirt Size up to 3Xl,2
Italian Roast1 Each,2
Instant Noodle,2
Imported from Italy,2
Icing Sugar,2
Ice Cream Cone Holder Waffle Cone Holder Food Stand Clear Rack Sushi Holder for Birthday Decor Clear,2
"Hot, Large",2
"Hot, 4pcs",2
Hot House226g,2
Honey Dijon198g,2
Homogenized Milk,2
High Protein4 Each,2
Herb & Spice,2
Hardbite Black Sea Salt,2
Halva Vanilla 454g,2
Halloween Cotton Candy 3pk,2
Hair Shampoo For Fast Hair Growth Polygonum Multiflorum Black Ganoderma Lucidum Hair Regrowth Shampoo Anti Hair Loss Effective,2
Green40g,2
Green25g,2
Green255g,2
Greek yogurt,2
Great Value Quick Cook Steel Cut Oats 1kg,2
Grammy¡¯s Cupboard Ice Cream,2
Grab N'Go475g,2
Grab N'Go240g,2
Goriertaly 200pcs/set Enjoy Cup Of Tea Tea Filter Bag For Easy Brewing Wide white 2Set,2
Gold Sanding Sugar40g,2
Gold Foil Paper,2
Gold Foil Leaf Festival Cake Dessert Home Bakery Candy Pastry Candy Flakes Bakery Bar Food Dishes Tea Drink Decoration DIY Craft Gold,2
Gold Foil Leaf Festival Cake Dessert Flakes Gold Pastry Cream Cupcake Candy Flakes Bakery Bar Food Dishes Tea Drink Decoration DIY Craft Copper,2
Gold,2
Gluten-free snack bars,2
Gluten-Free 946ml,2
Gluten Free907g,2
Gluten Free680g,2
Gluten Free556g,2
Gius Std Crst Pepp,2
Giunmcul Woven Dried FruitSnack StorageBasket Tax Free Weekend,2
Giunmcul Electric Lint Remover for Clothes Furniture Sofa Blanket Bedding Lint Shaver Sweater Shaver Defuzzer Depiller with 3 Speed 6 Leaf Blades Festival Gift,2
Gay Lea Pumpkin Spice Coconut Whipped Topping 225g,2
Gay Lea Grass Fed Unsalted Butter 250g,2
Gay Lea Grass Fed Salted Butter 250g,2
Garlic 1kg,2
Garlic,2
Gaqring Segmented Candy Box Household Nut Box Dried Fruit Box Living Room Snack Box Plastic Fruit Box Snack Box Home Decors,2
Ganfancp Silica Gel Tea Bag Tea Filter Silica Gel Tea Filter Holiday Deals,2
Ganfancp Silica Gel Tea Bag Tea Filter Silica Gel Tea Filter Deals,2
Ganfancp Home Baking Bee Rice Cake Model Critter Cake Model Weekly Deals,2
Ganfancp Cream Horn Model Stainless Steel Roll Flared Danish Croissant Model Holiday Gift Finder,2
GV MD EGGWHT ENG MFN,2
GV BC EGG&CH ENG MFN,2
GUOOL Reusable Metal Cone Paperless Strainer Funnel Golden,2
GROWTH TANK 50Pcs Coffee Filter Paper Basket Filters Paper for Coffee Machine S S,2
GREEN GIANT Valley Selections BEAN & CARROT,2
GNOCCHI,2
GLUTEN FREE,2
GEFILTE FISH,2
Fusilli Pasta375g,2
Fusilli,2
Full Size Bar52g,2
Fufafayo Ustensiles de cuisine bouteille d'assaisonnement bouteille de sauce tomate bouteille de sauce salade bouteille de brosse ¨¤ huile bouteille de sauce soja bouteille d'huile,2
Fufafayo Single hole sauce bouteille extrud¨¦e cr¨¨me sauce bouteille extrud¨¦e sauce tomate Salade bouteille extrud¨¦e moins de 5 $?conomisez jusqu'¨¤ 90% Clearing livraison gratuite,2
Fufafayo Shaker de prot¨¦ine ¨¦lectrique Shaker ¨¦lectrique avec bo?te ¨¤ poudre tasse de m¨¦lange enti¨¨rement automatique moins de 5 $?conomisez jusqu'¨¤ 90% Clearing livraison gratuite,2
Fufafayo Offres flash ?tudiant pencil Bag coin Bag Cosmetics Bag papeterie de bureau Teen School beige organisateur,2
Fufafayo Offres flash Cobaye hamster sachet sac respirant portable,2
Fufafayo Free Shipping Clearance Stereo DIY Flower Leaf Folding And Pressing Baking Fondant Cake Deals of the Week Clearance,2
Fufafayo Free Shipping Clearance Stainless Steel Water Filter VegetableMoon Shaped Pot Side Filter Slag Separator Filter BafflePlate Two Options Deals of the Week Clearance,2
Fufafayo Free Shipping Clearance Kitchen Pot And Seasoning Bottle Sea Pepper Powder Telescopic Seasoning Can Spoon Cover Integrated Deals of the Week Clearance,2
Fufafayo Free Shipping Clearance Cheese Cream Cake Cheese Cheese Shape Deals of the Week Clearance,2
Fufafayo Free Shipping Clearance Birthday Cake Baking Decoration Aerospace 3-piece Set Astronaut Astronaut Star System Cake Decoration Car Decoration Deals of the Week Clearance,2
Fufafayo Free Shipping Clearance Bear Ice Household Ice Making Ice Tray Ice Box Coffee Ice Bear Ice Cream Deals of the Week Clearance,2
Fufafayo Flash Deals of the Day Printed Kitchen Oil Barrier High Temperature Aluminum Foil Oil Baffle Clearance Saving Up To 65% Off,2
Fufafayo Flash Deals of the Day Ice Cream Molds Home Make Popsicle Popsicle Diy Ice Cream Frozens Ice Block Box Ice Cream Ice Box Homemade Ice Box Popsicle Clearance Saving Up To 65% Off,2
Fufafayo Flash Deals of the Day Home Made Ice Cream Set Box For Making Ice Cream Ice Cream Ice Cream Children's Ice Cream Stick Ice Cream Stick Clearance Saving Up To 65% Off,2
Fufafayo Flash Deals of the Day Home Baking Bee Rice Cake Model Critter Cake Model Clearance Saving Up To 65% Off,2
Fufafayo Flash Deals of the Day Cream Horn Model Stainless Steel Roll Flared Danish Croissant Model Clearance Saving Up To 65% Off,2
Fufafayo Flash Deals of the Day 50pcs Empty Teabags String Heat Filter Paper Herb Loose Tea Bag Clearance Saving Up To 65% Off,2
Fufafayo Flash Deals of the Day 100pcs Empty Teabags String Heat Filter Paper Herb Loose Tea Bag Clearance Saving Up To 65% Off,2
Fufafayo Double couleur cuisson ensemble de trois pi¨¨ces agitation grattoir cr¨¨me grattoir brosse ¨¤ huile outils de cuisson fournitures moins de 5 $?conomisez jusqu'¨¤ 90%,2
Fufafayo Des ¨¦conomies! Poudre de miroir solide bicolore manucure poudre de miroir ¨¤ ongles bicolore poudre de titane,2
Fufafayo Des ¨¦conomies! Flacon d'assaisonnement extrud¨¦ 11 OZ avec flacon d'assaisonnement chaud ¨¤ clapet huile d'assaisonnement extrud¨¦e gel liquide,2
Fufafayo Des ¨¦conomies! Accueil brosse ¨¤ huile bouteille d'huile avec bouteille outil de barbecue int¨¦gr¨¦ brosse ressort t¨¦lescopique brosse bouteille d'huile,2
Fufafayo Deals of The Day Popsicle Holders Bags Reusable Washable Ice Popsicle Holders 10pc,2
Fufafayo Deals of The Day DIY Ice Cream Making Ice Box Popsicle,2
Fufafayo Cuisine maison avec couvercle cinq trous bouteille avec graduation bouteille assaisonnement cuisine ketchup bouteille assaisonnement bouteille moins de 5 $?conomisez jusqu'¨¤ 90%,2
Fufafayo Cuill¨¨re ¨¤ huile de filtre en acier inoxydable cuill¨¨re ¨¤ huile de filtre multifonction en acier inoxydable maille fine filtre ¨¤ huile moins de 5 $?conomisez jusqu'¨¤ 90%,2
Fufafayo Clearing d¨¦coration de maison Silicone Tea Bag filtre ¨¤ th¨¦ silicone Tea Filter moins de 5 $?conomisez jusqu'¨¤ 90% Clearing livraison gratuite,2
Fufafayo Clearing d¨¦coration de maison Rond 12CM ¨¦paissi isol¨¦ th¨¦ boisson tasse caf¨¦ moins de 5 $?conomisez jusqu'¨¤ 90% Clearing livraison gratuite,2
Fufafayo Clearing d¨¦coration de maison Lollipop silicone peut r¨¦utiliser le silicone pour correspondre ¨¤ lollipop moins de 5 $?conomisez jusqu'¨¤ 90% Clearing livraison gratuite,2
Fufafayo Clearing d¨¦coration de maison Graduation cap ¨¦poxy chocolat Fudge cake outil de cuisson moins de 5 $?conomisez jusqu'¨¤ 90% Clearing livraison gratuite,2
Fufafayo Clearing d¨¦coration de maison Filtre ¨¤ soupe cuill¨¨re ¨¤ huile huile de cuisine filtre ¨¤ soupe pi¨¨ces s¨¦par¨¦es moins de 5 $?conomisez jusqu'¨¤ 90% Clearing livraison gratuite,2
Fufafayo Clearing d¨¦coration de maison D¨¦tails sur Tea Pack Leaf Filter diffuseur moins de 5 $?conomisez jusqu'¨¤ 90% Clearing livraison gratuite,2
Fufafayo Clearing d¨¦coration de maison Cuisine maison poreux ¨¦tanche miel flacon aromatisant bouteille extrud¨¦e moins de 5 $?conomisez jusqu'¨¤ 90% Clearing livraison gratuite,2
Fufafayo Clearing d¨¦coration de maison 1 x Maison transparent sauce bouteille cuisine assaisonnement bouteille moins de 5 $?conomisez jusqu'¨¤ 90% Clearing livraison gratuite,2
Fufafayo Clearance Promotion Popsicle Holders Bags Reusable Washable Ice Popsicle Holders 10pc,2
Fufafayo Clearance Promotion Fruit Living Room Home Melon Nut New Year Dried Fruit Party Snack Dessert High Appearance Level Fruit,2
Fufafayo Clearance Promotion 100 Pcs Empty Teabags String Heat Filter Paper Herb Loose Tea Bag,2
Fufafayo Cabine t¨¦l¨¦phonique int¨¦rieure pour les personnes ?g¨¦es petite lampe ¨¤ huile H?tel sc¨¨ne arrangement ornement lumineux moins de 5 $?conomisez jusqu'¨¤ 90%,2
Fufafayo Brosse ¨¤ huile maison assaisonnement brosse ¨¤ huile Split cuisine alimentaire brosse ¨¤ huile barbecue moins de 5 $?conomisez jusqu'¨¤ 90% Clearing livraison gratuite,2
Fufafayo Brosse ¨¤ huile de bouteille d'huile de qualit¨¦ alimentaire avec couvercle r¨¦sistant aux temp¨¦ratures ¨¦lev¨¦es bouteille d'huile Extrusion barbecue brosse ¨¤ huile barbecue,2
Fufafayo Bouteille distributeur de miel ketchup bouteille de lait maison bouteille d'huile en plastique r¨¦servoir d'huile moins de 5 $?conomisez jusqu'¨¤ 90% Clearing livraison gratuite,2
Fufafayo Bouilloire cuisine sans huile maison bouteille d'huile ¨¦paissie huile de cuisson verre sp¨¦cial aromath¨¦rapie bouilloire Cuisine Restaurant bouteille d'¨¦pices,2
Fufafayo Bouchon de bouteille de bi¨¨re scell¨¦ ¨¦tanche bouchon souple pour canette de vin rouge cola moins de 5 $?conomisez jusqu'¨¤ 90% Clearing livraison gratuite,2
Fufafayo Acier inoxydable filtre ¨¤ huile cuill¨¨re s¨¦parateur d'huile cuill¨¨re ¨¤ soupe cuill¨¨re s¨¦parateur de graisse moins de 5 $?conomisez jusqu'¨¤ 90% Clearing livraison gratuite,2
Fufafayo 304 en acier inoxydable approfondir l'huile chaude po¨ºle ¨¤ frire ¨¤ l'huile huile Mini po¨ºle ¨¤ huile huile huile nouilles sp¨¦ciales gouttes d'huile petit plat ¨¤ lait,2
Fufafayo 1.3l 304 r¨¦servoir de filtre ¨¤ huile en acier inoxydable accueil grande capacit¨¦ cuisine filtre ¨¤ huile r¨¦servoir de stockage moins de 5 $?conomisez jusqu'¨¤ 90%,2
Fudge Striped No Sugar Added320g,2
Fryer Accessories,2
Fruit Food Candy For Halloween Rwvbm,2
Fruit & Nut Value Pack980g,2
Frozen1.5kg,2
Fried pork rinds.,2
Freshline Large Fruit Tray,2
Fresh810g,2
Fresh700g,2
Fresh675g,2
Fresh345g,2
Fresh300g,2
Fresh3 Each,2
Fresh1.3kg,2
Fresh1.2kg,2
Fresh pasta from Italy,2
Fresh Raspberries 6oz/170g clam,2
Fresh,2
Free From The Top 10 Common Allergens,2
Food And Fruit Summer Savings Up to 45% off,2
Food And Fruit Flash Deal Wal&mart Deals,2
Flavoured311g,2
Flavoured Sandwich Biscuits.,2
Flavour for All,2
"Flash Sale, Modern Ice Cube Tray, Ice Cream Molds Home Make Popsicle Popsicle Diy Ice Cream Frozens Ice Block Box Ice Cream Ice Box Homemade Ice Box Popsicle, Ice Mold,",2
Fix It Wood Scratch Repair Spray Wood Floor Contact Cleaner Spray Furniture Repair Kit Tw,2
Fiudx Flash Deals Of The Day Online Only Whole Grains Rice Bucket Wall-Mounted Rice Storage Tank Out Rice,2
Fiudx Flash Deals Of The Day Mother'S Day Flower Diy Three-Dimensional Icing Household Baking Fondant Maker,2
Finest Call Premium Mint Syrup Bulk Food Service 1 Liter,2
Filter Mesh Coffee Basket Powder Strainer Long Handle Stainless Steel Rustproof Multipurpose Handily Gripped Filtering Net Type 1,2
Family Size650g,2
Family Size439g,2
Family Size1 Each,2
Family Size Butter Chicken,2
Family Size,2
Family Pack950g,2
Falafel Balls,2
FETTUCCE PASTA,2
Exhaust Pipe Muffler Gaskets For 2004-2007 For Rhino 660 Yxr660f 4x4,2
Espresso Disc Strainer for Espresso Portafilter Filter 58mm,2
Espresso Disc Strainer for Espresso Portafilter Filter 58.5mm,2
Espresso Disc Strainer for Espresso Portafilter Filter 53.5mm,2
Espresso Disc Strainer for Espresso Portafilter Filter 51.5mm,2
Enqiretly Easy To Clean Doughs Pressing Tool For Homemade Tortillas Heat-resistant Tortillas To Corn Tortillas balck 16cm,2
Enjoy these Sunset Wild Wonders Gourmet Medley Tomatoes!,2
Enjoy The Happiness Of Homemade Ice Cream Save 15% on pets,2
Ener-C - Vitamin C Effervescent Powdered Drink Mix Raspberry 1000 mg. - 30 Packet(s),2
Embroidered Spiritual Salt Pouch for Money,2
Elbow,2
Eggo French Toaster Sticks,2
Edible Grade Gold Leaf Schabin Flakes 1/2g Gold Decorative Dishes Chef Art Cake,2
Easy To Use Fondant For Sugar For DIY Cooking,2
Easy To Operate Stainless Steel Coffee Maker Pot For Camping 50ml,2
Ear Hanging Hand Brewed Coffee Pot,2
Each Lollipop Comes With A Small Stick Clearance Saving Up To 65% Off,2
Each,2
EGNMCR Dispenser Snacks Of Dispenser Portable Snacks Sweets 9.5 Ounces For Dispenser Snacks Less Than 0.7 Inch Snack dispenser,2
EACH,2
E-TETLEY TETLEY OP DECAF 80CT,2
E-TABASCO TABASCO SRIRACHA,2
E-SKITTLES SK SOUR GUMMIES 48G,2
E-ROCKETS ROCKETS CANDY ROll,2
E-OREO OREO VAR 20PK,2
E-NATURA MINI VANILLA,2
E-MAISON ORPHEE MO SES-TAM DRESSING,2
E-M&MS M&MS PEANUT 345G,2
E-M&MS M&MS MINIS SUP 165G,2
E-HAGEN DAZS HD BRWNS&CKIEDGH,2
E-HADDAR TRIOSH BISCUITS,2
E-HADDAR PRETZEL HONEYBRAIDED,2
E-GREAT VALUE PL NUPAK CHICK PEAS,2
E-GEFEN PASTA SC W/ BASIl,2
E-GEFEN FF CLASSIC PASTA SC,2
E-BLACK RIVER BLK RIVER APPLE MNGO,2
E-BALZAC BALZACS BLEND GRND,2
E-ANGIE'S ANG 8/255G SEA SALT,2
E-ALTRA WHITE WINE VINEGAR,2
E-ALTRA WHITE RICE VINEGAR,2
E-ALTRA SHWAMA,2
E-ALTRA SELTZER POMEGR BLUEB,2
E-ALTRA RED WINE VINEGAR,2
E-ALTRA PRETZEL SUPER STICK,2
E-ALTRA PANKO CRUMB WW,2
E-ALTRA GUM -SPEARMINT,2
E-ALTRA EGG NOODLES FINE,2
E-ALTRA DRESSING FRENCH,2
E-ALTRA DRESSING,2
E-ALTRA CHOC BAR MILK ALMOND,2
E-ALTRA BRUSSELS SPROUTS,2
E-ALTRA BARS CRISP FRUIT,2
E-ACHVA CAKE CHOCOLATE,2
Dora Seedless Strawberry Jam 250ml,2
Dora Seedless Raspberry Jam 250ml,2
Door Hanging Hamper Bag Laundry Basket Dirty Clothes Storage Pouch For,2
Diy 4 Homemade Ice Cream Chocolate Candy with 20 Wooden Sticks,2
Disposable DIY Popsicle Molds Bags Pouches -Comes With Silicone Funnel,2
Dispenser With Automatic Dispenser By Pushing Down1pcs,2
Dispenser Snacks of Dispenser Portable Snacks Sweets 9.5 Ounces for Dispenser Snacks Less Than 0.7 Inch,2
Dianli up to 60% off Gifts Ice Cream With Lid Popsicle Summer Ice Cream Shop Our Rollback Prices,2
Dianli up to 60% off Fruit Tray Clear Snack Display Tray Candy Snack Tray Nut and Dried Fruit Storage Box Snack Tray for Kitchen and Party Food and Pantry Organization to p School picks on Rollback,2
Dianli Wal-mart Deals DIY 4 Homemade Ice Cream Chocolate Candy With 20 Wooden Sticks Deals of the Day Clearance Prime,2
Dianli Wal-mart Deals 6 Compartment Folding Popsicle Ice Cream Deals of the Day Clearance Prime,2
Dianli Up to 90% Off Household ice cream DIY mixed color conjoined popsicle with lid Deals of the Day Clearance Prime,2
Dianli Up to 90% Off 10 Popsicle Diy Ice Cream Ice Cream Todays Deals Clearance Sales,2
Dianli Tea Filter Deals,2
Dianli Popsicle Holders Bags Reusable Washable Ice Popsicle Holders 10pc Clearance Items,2
Dianli Deals of the Day Clearance Prime 6 Compartment Folding Popsicle Ice Cream Wal-mart Deals,2
Dianli Clearance Cupcake Shaped Candy Box Multifunctional Fruit Shaped Candy Tray Food Storage Box Snack Candy Cookies Fruit Food Candy Christmas Holiday Deals,2
Dianli Back to School 600pcs Disposable Plastic Colorful Straws Flexible Straws For Banquet Bar Drinks Multisave,2
Dianli Autumn Promotion Kitchen Burger Press Meat Patty Manual Non Stick Burger Press Meat Patty Meatloaf Flyer top picks,2
Dianli Autumn Promotion DIY Conjoined Ice Cream Silica Gel ice Cream Weekly Deals,2
Dianli Autumn Clearance 1PC Home-made Popsicle Ice Cream Ice Cream Popsicle Subscribe to Save,2
Diameter 58.5mm / 2.3in,2
Desserts - Pecan,2
Deliciously quick: authentic Indian Veg Curry in 90 seconds,2
Delicious & authentic Chinese stir-fry in 20 minutes,2
Deals,2
Dark Roast907g,2
Dark Roast24 Each,2
Dark Roast10 Each,2
Dark Roast,2
Dalazy 100X Filter Paper Coffee Supplies Compact Size Single-use Basket Round Hand Dropper Space Saving Replaced Part 53mm,2
Dairy-Free 1.75l,2
DORA STRAWBERRY lIGHT 500ml,2
DORA STRAWBERRY JAM 500ml,2
DORA RASPBERRY JAM 500ml,2
DORA MORE RASP,2
DORA MORE BLUE,2
DORA BlUEBERRY lIGHT 500ml,2
DORA APPlE JEllY 500ml,2
DORA 3 FRUITS lIGHT 500ml,2
DORA 3 FRUIT MARMALADE,2
DOLITY Reusable Metal Cone Paperless Strainer Funnel Golden,2
DOLITY Reusable Handmade Cloth Coffee with Wooden Handle Hand Drip Coffee 100mm,2
DOLITY Coffee Cone Polish Coffee Basket Stainless Steel Coffee Diameter 120mm,2
DOLITY 100 Pieces Coffee Replacement Part Papere Coffee Strainer Portable Basket 51mm,2
DOLITY 100 Pcs Round Coffee Papere Professional Replacement Coffee Strainer Cone 58mm,2
DIY Stretched Plastic Pop Sensory Toy,2
D One Size,2
D,2
Cute Cookie Bag 200pcs Cartoon Cute Candy Cookie Bag 4x4 inch Self Adhesive Treat Bags Cellophane Goody Bags for Kid Party Favor Candy Bags,2
Cut450g,2
"Customer Favorite, Classic Ice Cube Tray, Ice Cream Molds Home Make Popsicle Popsicle Diy Ice Cream Frozens Ice Block Box Ice Cream Ice Box Homemade Ice Box Popsicle, Ice Cube Tray,",2
Cupcake12 Each,2
Cup Drink Bottle Plastic Double Layer With Straw Summer Ice Cartoon Creative For Water Coffee,2
Cucumber Watermelon Sports Drink,2
Cubes Garment Markers Hanger Sizer Black,2
Cubes Dark Sizer Donuts Bagels Green,2
Cricut infusible ink,2
Cricut Vinyl removable,2
Cricut Iron On Vinyl HTV,2
Cream 500g,2
Cottage Cheese,2
Coofit Artificial French Bread Long - Fake Baguette Simulation Food Prop for Kitchen,2
Contains one (1) 85g King Size MARS Caramel Candy Bar,2
Confetti Rainbow285g,2
Concession Stand Slushy Syrup 5:1 Concentrate - 1 Gallon Bulk Food Service - Multiple Flavors (4/CASE),2
Commercial Seaweed Sushi Do Special Sushi Curtain Deals of the Day Clearance Prime,2
Commercial Seaweed Sushi Do Special Sushi Curtain,2
Columbian Decaf1 Each,2
Colon Cleansing Detox Tea Set Slimming Tea Slimming Herbal Tea Fat Burning 28 Days Tea Kr,2
Coffee Press Replacement Filter 2pcs Stainless Steel For Restaurant 4 Servings,2
Coffee Press Replacement Filter 2pcs Stainless Steel For Restaurant 2 Servings,2
Coffee Press Filters Professional For Coffee House,2
Coffee Pot pour Multi-Color Dripper Scientifically Designed Great Hand Anti-Scald Strainer Filter Cup for Pot Restaurant Camping Coffee-Maker - Transparent Pot,2
Coffee Pot Pour Multi-Color Dripper Scientifically Designed Great Hand Anti-Scald Strainer Filter Cup for Pot Restaurant Camping Coffee-Maker,2
Coffee Filter Stainless Steel Portafilter Mesh Coffee Machine Filter Screen 150¦Ìm Multi-layer Pressurized Filtering Accessory for Household Hotel 54mm,2
Coffee Filter Screen Espresso Filtration Screen for Espresso Portafilter Filter 58.5mm,2
Coffee Filter Foldable Brewing Stainless Steel Filter Suitable for Any Cup,2
Coffee Dripper with V Shaped Filter Paper Coffee Filter Cup for Backpacking pink,2
Coffee Dripper with V Shaped Filter Paper Coffee Filter Cup for Backpacking blue,2
Coffee Dripper Coffee Funnel Metal Cone Filter for Restaurant Office Kitchen S S,2
Coffee Cup Filter Screen Double-layer Portable Hand Brewed Coffee Folding Ear Filter Free Drip Coffee Coffee Cup,2
Coffee Bean Jar Coffee Beans Storage Containers for Countertop Retail Pantry 6 Hole 17g,2
Cocoa Crunch Rice Chips90g,2
Clearance! Household ice cream DIY mixed color conjoined popsicle with lid Deal of Day Return Pallets #21,2
Clearance! Easter Lovely Rabbit Tea Bag Hanging Fixed Tea Bag Fixed Tea Bag Tea Cup Wall Decoration Rabbit Differentiator Daily Deals of The Day Two Day Deals #02,2
Clearance! Easter Lovely Rabbit Tea Bag Hanging Fixed Tea Bag Fixed Tea Bag Tea Cup Wall Decoration Rabbit Differentiator Clearance Sales Today¡¯S Deals #04,2
Clearance! Coffee Cup Filter Screen Double-layer Portable Hand Brewed Coffee Folding Ear Filter Drip Coffee Coffee Cup Calf Stretch Box Today¡¯S Deal #17,2
Clearance! Children's Donut Inflatable Stick Party Lollipop Decoration Props Cartoons Creatives Inflatable Stick Flash Deals Clearance Todays Deals In #20,2
Clearance! Children's Donut Inflatable Stick Party Lollipop Decoration Props Cartoons Creatives Inflatable Stick Daily Deal Lightning Deals Sales #23,2
Clearance pimelu Wireless Earbuds Bluetooth 5.0 In Ear-Weight Headphones Built-in Microphone IPX5 Immersive Premium Sound Headset With Charging Case Black Fall Savings,2
Classico Di Lombardia Ros¨¦e,2
Classico Di Basilicata Italian,2
Classic156g,2
Christmas Gifts,2
Christmas Decorations Indoor Advent Calendar 2023 Christmas DIY Pendan Bracelet Countdown Calendar For Girls 24 Days Xmas Countdown Calendar DIY Jewelry Making Kit Gift 22 Pendan Beads Christmas Tree,2
Christmas Decorations 3PCS Artificial Hanging Plants For Wall Indoor Outdoor Decoration (No Baskets) Christmas Gifts,2
Christmas Children's Gift Bubble Gum Crystal Mud 24 Numbers Advent Day Blind Box Countdown,2
Christmas Advent Calendar Santa Claus Advent Calendar With 24 Days Pocket Christmas Countdown Hanging Ornaments for Home Office Door Wall Decoration Rwvbm,2
Chocolate250g,2
Chocolate Strawberry Granola Bars (120 g),2
Chocolate Chip Cookie Dough8 Each,2
Chococlate Chips120g,2
Chinese Long Bean,2
Children's Donut Inflatable Stick Party Lollipop Decoration Props Cartoons Creatives Inflatable Stick Rwvbm,2
Children Electric Vehicles Replacement Parts-as,2
Chicken Salad with Cranberries Kit 96g,2
Chicken Lo Mein,2
Cheesy Chicken & Rice Bowl,2
Cheese Trio200g,2
CheddarSnack Size56g,2
Cheddar6 Each,2
Chakki Atta,2
Cayman Coconut1 Each,2
Catelli Garden Select Tomato Parmesan Romano 600ml,2
Cat Cardboard House Scratching Board Cat Scratcher House for Kitten Cat Gift Box,2
Cat Cardboard House Cat Scratcher Hideout for Kitten Cat Small Animals Gift Box,2
Case of 1212 Each,2
Cantaloupe Chunks,2
Candy Chocolate Jelly Polymer Paste Cake Decoration Todays Deals Clearance Sales,2
Canada Dry Blackberry Ginger Ale Zero Sugar has the crisp and clean taste of Ginger Ale paired with a delicious natural blackberry flavour- it's the perfect low calorie and zero sugar refreshment.,2
Campbell's? Concentrated Beef Broth is up to 4x concentrated (vs. our Ready to Use broth) so that you can dial up and down the flavour intensity of your dishes. Simply add less water for more flavour!,2
Cameland Three-dimensional Easter with Pattern Dinosaur Chocolate,2
Caesar Dressing,2
Cactus Pear,2
CUMIN SEEDS,2
CRACKERS,2
CONTINENTAL : GRAND PRIX 5000 : TRANSPARENT : 700 X 28,2
CHUANK Rubber Coffee Cup,2
CHOPPED HAM MARIO'S,2
CHOK Rubber Coffee Cup,2
CHOC BAR COCOA BEANS,2
CHEESECAKE,2
CElSIUS TROPICAl,2
CDN MH ORGNL R&G GRND 864GM 6,2
CAKE MARBLE,2
Buttermilk Complete905g,2
Bunny24 Each,2
Bun,2
Bubly Sparkling Water Merry Berry 12 x 355ml,2
Brussel sprouts,2
Brownie6 Each,2
Broccoli,2
Brisk Strawberry Iced Tea 710ml,2
Breadfruit,2
Bowl Noodle Soup,2
Bolsa de dulces de conejito de Pascua tarjetas de Piruleta de conejo lindo cajas de embalaje de regalos de galletas de Chocolate decoraci¨®n de fiesta de cumplea?os de feliz Pascua,2
Bobbles Wal&mart Deals Flash Deal,2
Bobbers de moulage en plastique Bombarda flotteur de surface en ligne pour terminal de p¨ºche ¨¤ la carpe mat¨¦riel 15g / 20g / 25g / 30g / 40g / 50g,2
Boba Cup With Straw Smoothie Drinks Gradient Multicolor 23.5oz Double Layer With Cleaning Brush,2
Blueberries,2
Blue99g,2
Blended Nonfat Yogurt,2
Black99g,2
Black120g,2
Birdeem Silica Gel Tea Bag Tea Filter Silica Gel Tea Filter,2
Birdeem Four Compartments Seasoning Jar Compartment Multifunctional Seasoning Can Of Spices Household Seasoning Combination Set Spice Can Of Spices,2
Big Savings Clearance pimelu Stay Cool And Dive Into A Sweet Escape With Our 4-Hole Ice Cream Enjoy DIY Ice Cream Ice Pops And Novelties At Home Ice Canada Day,2
Big Heads154g,2
Bick¡¯s No Garlic Dill Pickles,2
Bgsha Stainless Steel Moka Pressed Powder Decrement for Espresso Coffee 4 Cup 6 Cups,2
Berries120g,2
Ben's Original Garlic Risotto,2
Ben's Original Cheese Risotto,2
Ben's Original Bistro Express Tik Masala,2
Ben's Original Bistro Express Spicy Mexican,2
Beer Bottle OpenerBeverage Beer DriverMultifunctional Bottle OpenerCap OpenerHome Bottle DriverCap Opener Rwvbm,2
Becel Plant Butter Salted 427g Tub,2
Becel Plant Butter Garlic 227g Tub,2
Beans,2
Basil Marinara Pasta Sauce,2
Baohd Filter Mesh Coffee Basket Powder Strainer Long Handle Stainless Steel Rustproof Multipurpose Handily Gripped Filtering Net Type 7,2
Baohd Filter Mesh Coffee Basket Powder Strainer Long Handle Stainless Steel Rustproof Multipurpose Handily Gripped Filtering Net Type 4,2
Baohd Filter Mesh Coffee Basket Powder Strainer Long Handle Stainless Steel Rustproof Multipurpose Handily Gripped Filtering Net Type 1,2
Banana Bread6 Each,2
Bagels and More Holiday Savings,2
Bagels and More Fall Savings Home Savings Clearance Clearance Summer Clearance,2
Bag191g,2
Bag of 6,2
Bag of 5,2
Bag of 12,2
Baby Mango,2
BIG DADDY Double Chocolate Cookies,2
BASSILIS BEST MEAT LASAGNA,2
BAGGED MANGO CHEEKS,2
Atemoya,2
Assorted Colors,2
Assorted Box78g,2
Assorted 200g,2
Around 3 fillets per tray,2
Around 2 per tray,2
Around 2 fillets per tray,2
Approximately 6 slices,2
Approximately 5 tomatoes per cluster,2
Approx. 32 un - 400g,2
Approx. 28 un - 455g,2
AppleApple Raspberry Lemon Twist & Apple Mango12 Each,2
Apple Apple & Apple Banana12 Each,2
Appeti,2
AmlESO unbleached coffee s pour over coffee Large,2
American Cheese,2
Almond Flour Bar GF Vegan,2
Almond Crunch225g,2
Alfredo Pasta Sauce,2
AlTRA CUBES CHOPPED BASIl,2
Abe's Parvelicious Cookie & Cream 1.65l,2
AVOCADO RANCH,2
ALTRA PIZZA BAGEL 6 PACK,2
ALTRA PAR NEAPOLITAN,2
ALTRA PAR COFFEE ROYALE,2
ALTRA PANCAKES SW POTATO,2
ALTRA PANCAKES POTATO,2
ALTRA FRENCH BAGUETTES,2
ALTRA EGG ROLL WRAPS,2
ALTRA CUBES CRUSHED GARLIC,2
ALTRA COFFEE CREAMER PARVE,2
ALMOND BERRY,2
ABPWLY Rice Bucket Box Household Sealed Large Capacity Insect Proof Dampness-proof Flour Miscellaneous Grains Press Storage Tank One Click Grain Release With Rice Cup Hottest Deals Winter Savings Chri,2
A465 Made in USA,2
A116 Made in USA,2
A tray contains on average 400g,2
A tasty snack made from 100% cheese,2
A good source of plant protein without the work,2
A QUALITY PRODUCT FROM THE HOUSE OF LAL QILLA,2
A HEALTHY CHOICE FOR AUTHENTIC TASTE,2
9x40g,2
9un,2
9oz,2
995g,2
990g,2
984g,2
95.83gx6,2
95 Count,2
948g,2
946ml Soy Milk,2
946ml Oat Milk,2
945g,2
940ml,2
940g,2
94.49g,2
93mlx6,2
920ml,2
910ml,2
90mlx6,2
90ml Cream Bar,2
90G,2
909g,2
907 GR,2
9-11kg,2
9 x 7.3g,2
9 x 14g,2
9 un - 261g,2
9 pieces,2
8x93ml Drinkable Yogurt,2
8x71.0g,2
8x56.0g,2
8x50.0g,2
8x47.25g,2
8x44.5g,2
8x43.0g,2
8x38g,2
8x330g,2
8x3.3g,2
8x18g,2
8x120ml,2
8x113g,2
8ml,2
89g,2
89.6g,2
88ml x 3,2
88gx5,2
876g,2
871g,2
860 Millilitre,2
85ml x 6,2
85ml Ice Cream Bars,2
85ml Ice Cream Bar,2
826g,2
82.5g,2
80ml x 5,2
80ml x 4,2
80g | Multiple Flavours,2
805g,2
800 grams,2
800 g total,2
80 x 20ml,2
80 Count (160 g Carton),2
8.2kg,2
8 x 42.5g,2
8 x 330ml Cans,2
8 x 30g,2
8 x 21g,2
8 x 18 G,2
8 x 142g,2
8 x 128g,2
8 wieners,2
8 units,2
8 un - 450g,2
8 un - 375g,2
8 un - 350g,2
8 un - 340g,2
8 un - 168g,2
8 per tray,2
8 in - 1.1kg,2
8 Waffles,2
8 Thighs,2
8 Pizzas,2
8 Cappuccinos,2
7x7.0ea,2
7x20.0g,2
7x1.0ea,2
7oz,2
799g,2
795g,2
79.5g,2
782g,2
777g,2
76ml,2
75mlx6,2
753g,2
75-Count,2
744ml,2
736g,2
72x14.0g,2
72mlx3,2
72ml,2
72gx5,2
726g,2
72 Millilitre,2
71gx5,2
714ml,2
712g,2
711g,2
70gx6,2
70gx3,2
70g x 6,2
70g x 5,2
704g,2
700Gr,2
70.8g,2
70% dark chocolate,2
70 grams makes 190 grams. Just Add Boiled Water!,2
70 Millilitre,2
7.98g,2
7.08g,2
7 x 14 g Sachets,2
7 lb bag,2
7 Portable Bartending Tools Cocktail Mixer Bartender Accessories (350ml),2
7 Packets,2
7 Flavors Air Up Water Bottle Flavour Pods With Air Water Bottle Bottle 0 Sugar And 0 Calories Junmai Ir,2
7 Drumsticks,2
6x99g,2
6x946.0ml,2
6x90ml,2
6x70.0g,2
6x65.0g,2
6x57g,2
6x55ml,2
6x55.0ml,2
6x50g,2
6x5.0g,2
6x492.0g,2
6x378.0g,2
6x340.0g,2
6x30g,2
6x295.0ml,2
6x28.0g,2
6x26g,2
6x25g,2
6x245.0ml,2
6x240.0ml,2
6x237.0ml,2
6x213ml,2
6x140.0ml,2
6x133g,2
6x120ml,2
6x120.0ml,2
6x1.5?l,2
6x0.5l,2
6X591ml,2
6X222ml,2
6X1l,2
6X Round Leather Coaster Set Leather Coaster PU Premium Insulation Pad,2
6LTR,2
6CT WELCHS JFULS MF,2
699g,2
690ml,2
69 g Bouillon Cubes,2
689g,2
6804g,2
680 g / 1.5 lb,2
680 GR,2
68 g (Pack of 12),2
"678g
6 x 113g",2
,
673ml,2
670 Millilitre,2
67.5g,2
65ml x 6,2
65gx10,2
65.7g,2
65 Each,2
645ml.,2
64.5g,2
63ml,2
636ml,2
63.75g,2
63.3g,2
63 Millilitre,2
624 g total,2
62.5g,2
60x150.0ml,2
60g x 5,2
60g (20gx3),2
604g,2
600?g,2
60 Pieces60 Each,2
6.5g,2
6-Pieces,2
6-8 Thighs,2
6 x 94g,2
6 x 90g,2
6 x 88ml,2
6 x 71g,2
6 x 66.667g,2
6 x 62.5g,2
6 x 60ml Milk Tea & Boba Pearls,2
6 x 500ml Bottles,2
6 x 48g,2
6 x 46g,2
6 x 42g,2
6 x 26g,2
6 x 236ml,2
6 x 22g,2
6 x 120ml,2
6 x 104ml,2
6 un - 400g,2
6 un - 305g,2
6 un - 288g,2
6 un - 284g,2
6 thighs per tray,2
6 rolls,2
6 pieces/1 sauce 350g,2
6 cubes,2
6 cookies x 76g,2
6 cookies,2
6 Delicious & authentic Spring Rolls in 20 minutes,2
6 CT,2
5x85g,2
5x85.0g,2
5x80.0ml,2
5x55.0ml,2
5x52g,2
5x50g,2
5x30g,2
5x285g,2
5x200ml,2
5x200g,2
5x140.0g,2
5pcs,2
5ml Per Pack of 100 Beads,2
5gx24,2
597g,2
59 oz),2
58MM 3Set,2
586g,2
581g,2
577g,2
570ml,2
57 Millilitre,2
567g (20 oz),2
56.7g,2
56.75g,2
55ml x 4,2
55gx8,2
55gx6,2
554ml,2
552ml,2
551g,2
550 g,2
545ml,2
540 g total,2
54.5g,2
53MM 2Set,2
536g,2
535ml,2
53.6g,2
528.3ml,2
523ml,2
519g,2
518g,2
510 GR,2
50x50.0g,2
50gx6,2
50g bar,2
50Pcs Coffee Filter Paper Basket Filters Paper for Coffee Machine S S,2
50Pcs Coffee Filter Paper Basket Coffee Filters Paper Filters Paper for Coffee Machine S,2
50Pc,2
508g,2
500 g (1.1 lb),2
500 - 600g,2
50-Count,2
50-2190,2
5 x 85g,2
5 x 72ml,2
5 x 48g,2
5 units per package,2
5 sausages per tray,2
5 portions,2
5 pitas,2
5 lb Bag,2
5 drumsticks per tray,2
5 breasts per tray,2
5 Ounce,2
5 / 175g,2
4x90ml,2
4x89g,2
4x88g,2
4x85g,2
4x83.0g,2
4x80.0ml,2
4x75g,2
4x75.0g,2
4x73ml,2
4x70.0ml,2
4x59.0ml,2
4x55g,2
4x52.0g,2
4x500ml - cans,2
4x50.0g,2
4x45g,2
4x440ml,2
4x41g,2
4x400.0ml,2
4x37g,2
4x37.0g,2
4x355ml - cans,2
4x341ml,2
4x338.0g,2
4x25g,2
4x240.0ml,2
4x190ml,2
4x125g,2
4x125.0ml,2
4x123.0g,2
4x120ml,2
4x113g,2
4x10ml,2
4x106g,2
4x104ml,2
4x1.0ea,2
4x 99g,2
4x 55ml,2
4X355ml,2
4X240ml,2
492 g (6 bags x 82 g),2
49 GR,2
49 Each,2
488ml,2
483ml,2
480ml - Organic & raw,2
480 g.,2
48 x 42ml,2
48 Each,2
478ml,2
476ml,2
473ml Plant Based Coffee Whitener,2
466g,2
465ml,2
464 g total,2
462ml,2
462g+30ml,2
462g,2
45x16g,2
45mlx6,2
45ml,2
45gx6,2
459g,2
456 g (6 bags x 76 g),2
455mlx6,2
454?g,2
4540g,2
454 g / 1 lb,2
454 GR,2
453G,2
453 GR,2
451g,2
450 g total,2
450 g,2
45 GR,2
45 Each,2
44 x 18.75g,2
44 slices (825 g),2
438g,2
433 Millilitre,2
42gx4,2
42gx10,2
427.5g,2
425 Grams,2
421g,2
416ml,2
416g,2
40x200.0ml,2
40pcs,2
40g x 12 x 6,2
408ml,2
404ml,2
403g,2
400ml - bottle,2
400 g - pack of 4,2
400 G,2
40.5g,2
40 g x 20 bags,2
40 Pellets,2
4.7 oz,2
4.545kg,2
4.536kg,2
4.535kg,2
4.26l,2
4-Pieces,2
4-Color Baking Powder Highlighting Powder Repairing Powder And Brightening Holiday Gift Finder,2
4 x 96g,2
4 x 90ml,2
4 x 90g,2
4 x 89g,2
4 x 57g,2
4 x 45g,2
4 x 45 G,2
4 x 43g,2
4 x 42g,2
4 x 41g,2
4 x 37g,2
4 x 341ml,2
4 x 30g,2
4 x 28.25g,2
4 x 237ml,2
4 x 125ml,2
4 x 123g,2
4 x 118-ml (4-Pack),2
4 x 113g snack cups,2
4 x 110g,2
4 units per tray,2
4 un - 400g,2
4 un - 360g,2
4 un - 350g,2
4 un - 200g,2
4 souvlaki per tray,2
4 sausages per tray,2
4 rillettes per tray,2
4 oz.,2
4 in - 400g,2
4 cutlets per tray,2
4 Piece4 Each,2
4 Cups x 96g,2
4 Cups x 89g,2
4 Croissants Buns x 75g,2
4 Breasts,2
4 * 43g,2
3x8g,2
3x82.0g,2
3x725g,2
3x72.0ml,2
3x300g,2
3x134g,2
3lt Basket,2
3LTR,2
397g - 8 Count,2
386 g (336 g spring rolls + 50 g sauce),2
380G,2
380 Millilitre,2
37pcs Pretend Fruit Birthday Cake with Candles Preschool Blue,2
375gx6,2
375g x 3,2
370.5g,2
36ml,2
360?g,2
360 g total,2
36 g (Pack of 12),2
36 cups,2
36 Cups,2
35gx8,2
35gx6,2
358ml,2
358g,2
356g,2
355ml12 Each,2
355ml Cans4 Each,2
355ml Cans x 4,2
350?g,2
350mlx6,2
350 g / Boxed Cookies,2
35 Sticks,2
35 Each,2
340gr,2
340 g Bag,2
340 GR,2
33gx4,2
334.87g,2
330 g total,2
32x500.0ml,2
32x19g,2
32ml,2
32gx20,2
32 wieners,2
316 Stainless Steel High Temperature Resistant Puck Filter For Home For Office,2
312ml,2
312 g Box,2
312 g (Pack of 8),2
311.84g,2
31-35 un - 1kg,2
30s,2
304ml,2
304 Stainless Steel Filter Coffee Tea Infuser Coffee Strainer Mason Canning Jar Mesh Coffee Filter,2
300gm,2
300g / Boxed Cookies,2
300G/ 6 Count,2
300 per pack,2
300 g.,2
300 GR,2
300 G,2
30-Count,2
30 x 33.5GM,2
30 bars,2
3.95 Litre,2
3.85kg,2
3.79l,2
3.6kg,2
3.6gx9,2
3.5 oz,2
3.00 - 5.00kg,2
3 x 94g,2
3 x 90ml,2
3 x 8g,2
3 x 85ml,2
3 x 82g,2
3 x 50g,2
3 x 29g,2
3 x 200ml,2
3 units per package,2
3 un - 240g,2
3 to 4 units per tray,2
3 peppers per package,2
3 oz),2
3 lb / 1.36kg,2
3 cutlets per tray,2
3 breasts per tray,2
3 Portions,2
3 Lb,2
2x83.0g,2
2x76g,2
2x725.0g,2
2x70g,2
2x57g,2
2x284g,2
2x213.0g,2
2x20.0g,2
2x175.0g,2
2x165.0g,2
2x145g,2
2x130.0g,2
2x126g,2
2x125.0g,2
2x120ml,2
2x120.0g,2
2x1.0ea,2
"2x Pudding Tray Jelly for Home Kitchen Silicone Ice /Ball Mould Accessory,",2
2pcs Coffee Press Filters Stainless Steel For Coffee House 6 Servings,2
2gx20,2
2L Bottle1 Each,2
2KG,2
290mlx6,2
28?g,2
28cm Anti-skid Cake Decorating Turntable Flat Plastic Swivel Plate Baking Tool PP Turntable,2
285 Millilitre,2
284 g total,2
284 Grams,2
280G,2
280 g (Assorted Bag),2
28.8g,2
28 sticks,2
277x278.0g,2
275 g / pack,2
27 g (Pack of 10),2
265 Millilitre,2
260 g total,2
260 Each,2
25gx4,2
25gx14 packs,2
257g,2
253gx5,2
252gx6,2
252 g total,2
250?g,2
250mlx12,2
250gx5,2
250gx2,2
250g pouch,2
250GR,2
250G,2
25.5g,2
25.4 fl. oz.,2
25 x 12g,2
25 Packs,2
25 Count Bulk Bag,2
24x93.0ml,2
24x21.0g,2
24x1980.0g,2
24x16g,2
24x16.7?g,2
24x14.0g,2
"24pcs,600g",2
245 g.,2
243.8g,2
243 Millilitre,2
240g. Made in Canada.,2
240g Large Bag,2
240ea,2
240 g / Boxed Cookies,2
"24 x 200g
100 bags",2
,
24 x 14g,2
24 Pockets Santa Claus Christmas Advent Calendar Candy Felt Decoration Wall Hanging Ornament Snacks Biscuits Home Bedroom Living Room Decoration Red,2
24 Pieces Christmas Calendar Bags DIY Candy Snacks Gift Gift Bag Birthday Storage Holiday Home Decoration with Stickers Clips for Adults A,2
24 Pieces Christmas Calendar Bags DIY Candy Snacks Candy Punch Fabric Gift Storage Holiday Home Decoration with Stickers Clips for Adults A,2
24 Pack Reusable Popsicle Bags Ice Pop Sleeves Antifreezing Sleeves,2
23gx20,2
23gx10,2
238ml,2
233gx3,2
230gr,2
230g total,2
23.67g,2
22pcs,2
229g,2
227?g,2
227GM,2
227 g Tray,2
227 GR,2
226g / 2 per pack,2
222ml x 6,2
222ml 6 Pack,2
222 Millilitre,2
22 x 18.636g,2
22 slices,2
21s,2
218 Millilitre,2
213ml Cans6 Each,2
212.91g,2
210 g (10 Sticks),2
21.5g,2
21.3g,2
20x60.0ml,2
20x341.0ml,2
20x1080.0g,2
20pcs,2
2024 Sports Water Cup with Straw Fruit Fragrance pods Scented 0 Sugar Drinking Water Bottle Blue-Purple Gradient,2
200mlx3,2
200ml Glass Seasoning Jar With Scale 4 Outlets Spice jars Kitchen Chili Pepper Powder Sprinkling Jar Barbecue,2
200grams,2
2000ml,2
200 per pack,2
200 g.,2
200 g-Aged 17-18 Months,2
200 GR,2
200 GM,2
20 x 11.5g,2
20 wieners,2
20 grams,2
20 CT,2
2/4/6pcs Sodium Bicarbonate Baking Soda Multi-functional Decontamination Cleaning Powder Decontamination White Powder White Soda,2
2.8l,2
2.84 Litre,2
2.5 Litre,2
2.3 Kg,2
2.2lbs,2
2.27 KG,2
2.14l,2
2.1 lb - 2.5 lb each,2
2.05-2.29 kg each,2
2-3 oz,2
2% M.F.1.36kg,2
2 x 80 g (160 g total),2
2 x 255 g (510 g total),2
2 x 225g,2
2 x 200g,2
2 x 142g,2
2 units per package,2
2 scallopini per tray,2
2 lbs,2
2 kg Jar2kg,2
2 kabobs per tray,2
"2 for
EA",2
,
2 burger per tray,2
2 breasts per tray,2
2 Lb,2
1~10pcs Sodium Bicarbonate Baking Soda Multi-functional Decontamination Cleaning Powder Decontamination White Powder White Soda,2
1pc Patella Protective Support Strap Knee Shock Absorption Adjustable Belt Breathable Pressured Protector for Men,2
1pc 60g,2
1pack,2
1lx2,2
19gx15s,2
1980g,2
195g (3x65g),2
193 Grams,2
191g Bag,2
190mlx12,2
190ml Yogurt Drink for Kids,2
19.8g,2
18x23.0g,2
18l,2
184.84ml,2
1815g,2
180GM,2
180 g (8 Sticks),2
18 x 19.5g,2
18 oz,2
177GM,2
175gx4,2
175G,2
170?g,2
170gr,2
1700g,2
170 Millilitre,2
170 GR,2
16x560g,2
16x385.0g,2
16gx20,2
168 g total,2
165 g.,2
163 Millilitre,2
162gx5,2
162.5g,2
161gx5,2
160?g,2
160x9.0ml,2
160ea,2
160 grams,2
160 g block,2
16 sticks,2
16 pieces,2
16 pack (336 g),2
15x355ml,2
15s,2
15pcs,2
155 Grams,2
151.2g,2
150G,2
150 g Shelly Senbei Rice Crackers,2
150 g (6 x 25 g),2
150 Each,2
15 x 24g,2
15 lb,2
14x14g,2
148gx5,2
1450g,2
145 g.,2
142 Millilitre,2
142 Gram Bag,2
140ml x 4,2
1400ml,2
140 g.,2
140 Millilitre,2
14*65g,2
13in,2
13ea,2
139gx5,2
138 g * 5 pk,2
1375g,2
135ml x 4,2
135gx5,2
135 GR,2
134gx4,2
1344g,2
134 g Side Dish,2
130gx5,2
130G NET RAINBOW MIX,2
13.5g,2
13 oz,2
12x95g,2
12x90gr pouches (1.08kg),2
12x750ml,2
12x75.0ml,2
12x710ml,2
12x710.0ml,2
12x700.0g,2
12x60.0ml,2
12x52.0g,2
12x50ml,2
12x50.0ml,2
12x330ml,2
12x30.0ea,2
12x200ml,2
12x200g,2
12x1.0ea,2
12x 500ml,2
12pcs,2
12X70g,2
129gx5,2
128gx5,2
126 g Side Dish,2
125x125.0g,2
125gx4,2
125gx2,2
124gx5,2
124 g Side Dish,2
1222g,2
120g x 4,2
120 gr,2
120 g drained,2
12-pack,2
12 x 99.167g,2
12 x 80g,2
12 x 50ml,2
12 x 37g,2
12 x 250ml,2
12 x 21g,2
12 x 19g,2
12 x 15g,2
12 x 10.5g,2
12 pk,2
12 oz (340 g),2
12 bars x 60ml,2
12 Large Eggs,2
12 K-Cup? pods,2
12 K-Cup pods,2
12 Breakfast Sausages,2
11lbs,2
116gx5,2
114gX6,2
111gx5,2
111gx4,2
10x65ml,2
10x65.0ml,2
10x58.0g,2
10x40ml,2
10x28g,2
10x27.0g,2
10x24g,2
10x21g,2
10x18.0g,2
10x10.0ea,2
10lbs,2
10lb,2
1080ml,2
106 g.,2
1040g,2
102 Each,2
1010g,2
101.5g,2
100?g,2
100x15ml,2
100x Household Coffee Filter Papere Professional Coffee Strainer Round for Dinning Home Cafe 51mm,2
100x Household Coffee Filter Papere 56mm 60mm 68mm Coffee Strainer Replacements Professional Universal for Coffee Maker 6.8cm,2
100pcs/Bag 10x10cm Square Sweets Chocolate Party Candy Sheet Chocolate Lolly Candy Package Foil Paper Sheets Wedding Shower Party Favors,2
100pcs/Bag 10x10cm Square Sweets Chocolate Lolly Candy Package Foil Chocolate Sheet Candy Package 10x10cm Square Foil Paper Sheets Wedding Shower Party Favors,2
100pcs Empty Teabags String Heat Filter Paper Herb Loose Tea Bag,2
100g No Sugar Added Chocolate Bar,2
100Pcs/Lot Teabags Lightweight Empty Square Cooking Spice Scented Tea Bags with Seal Filter Paper Natural Drawstring Herb Pouch 100pcs 8x10cm,2
100Pcs/Lot Teabags Lightweight Empty Square Cooking Spice Scented Tea Bags with Seal Filter Paper Natural Drawstring Herb Pouch 100pcs 5x7cm,2
100Pcs/Lot Teabags 5 x 7CM Empty Scented Tea Tea Infuser; Tea Bags With String Heal Seal Filter Paper,2
100Pcs Round Coffee Filter Portable Basket Filters Replacement Part for Home 51mm,2
100GM,2
100% halal & 100% delicious!,2
100% Plant Based + Egg Free,2
100 grams,2
100 gr,2
100 g total,2
100 Pieces Round Coffee Filter Papere papers cone paper Coffee Strainer for hotel Cafe 51mm,2
100 Pieces Round Coffee Filter Papere Coffee Strainer for Hotel Cafe Home 58mm,2
100 Pieces Round Coffee Filter Papere Coffee Strainer for Hotel Cafe Home 53mm,2
100 Pieces Canvas Drawstring Bags Filter ColorCanvas Drawstring Solid Color Fine Mesh Reliable Fast Drying Spice Bag for Hold Crafts Tea Leaf 7*9cm,2
100 Count,2
10-Pieces,2
10 x 82g,2
10 x 3.5g,2
10 x 22g,2
10 x 20 g bar,2
10 x 100g,2
10 wieners,2
10 pack,2
10 lb bag,2
10 Pieces Insect Cake Decoration Happy Decoration Exquisite Simulation Birthday Party Decor Simulation Crafts Sign Dessert Cakes Pastry Baking Type 2,2
10 Pieces Insect Cake Decoration Happy Birthday Party Happy Birthday Engagement Decor Simulation Crafts Sign Dessert Cakes Pastry Baking Type 6,2
10 Pieces Insect Cake Decoration Happy Birthday Party Baking Ornament Arrangement Decor Simulation Crafts Sign Dessert Cakes Pastry Baking Type 5,2
10 Nespresso Coffee Pods,2
10 20ml 20 40ml Cocktail Shaker Measuring Cup Scale Cup Bar Tool Transparent,2
1.89L coffee,2
1.89L Cashew Milk,2
1.82l,2
1.75L Dairy Free Plant Based Milk,2
1.53kg,2
1.52kg,2
1.50 - 3.10kg,2
1.42L Coffee Whitener,2
1.425kg,2
1.40 - 1.54kg,2
1.36L TROPSP,2
1.36L TROPNP,2
1.36L TROPLP,2
1.36L TROPICANA PINEAPPLE MANGO,2
1.36L TROPGF,2
1.361kg,2
1.36 kg / 3lb,2
1.3% M.F.650g,2
1.28 kg (min 85 pieces),2
1.27kg,2
1.26kg,2
1.250kg,2
1.152kg,2
1.135kg,2
1.13 - 1.83kg,2
1.125l,2
1.113kg,2
1.0LTR,2
1.092kg,2
1.07kg,2
1.075kg,2
1.06l,2
1.05l,2
1.03kg,2
1.02 - 1.19kg,2
1.00l,2
1.00 - 1.00kg,2
1-3box Googeer Body Sculpting Tea,2
1-1.25 lb,2
1 x 600g,2
1 x 200g,2
1 rack per tray,2
1 portion per tray,2
1 lb.,2
1 kg Bag,2
1 fillet per tray,2
1 eggs,2
1 duck per tray,2
1 Count,2
1 Coconut,2
1 Bunch,2
0.93kg,2
0.92 - 1.22kg,2
0.83 - 1.65kg,2
0.80 - 1.40kg,2
0.76 - 1.40kg,2
0.76 - 1.12kg,2
0.76 - 0.95kg,2
0.75kg,2
0.74 - 1.45kg,2
0.6lbs,2
0.678kg,2
0.67 - 0.68kg,2
0.65 - 1.05kg,2
0.63 - 0.86ea,2
0.62 - 0.80kg,2
0.60 - 1.80kg,2
0.60 - 0.84kg,2
0.5g Each Time under $5 Saving Up To 90% Off,2
0.5g Each Time Up to 40% offThe Big Save,2
0.5g Each Time Clearance Saving Up To 65% Off,2
0.5g Each Time,2
0.57 - 0.80kg,2
0.525kg,2
0.50 - 1.60kg,2
0.465kg,2
0.45 - 1.60kg,2
0.42 - 1.10kg,2
0.42 - 0.95kg,2
0.42 - 0.53kg,2
0.42 - 0.51kg,2
0.40 - 0.55kg,2
0.39 - 0.51kg,2
0.359kg,2
0.34 - 0.63kg,2
0.34 - 0.45kg,2
0.32 - 1.35kg,2
0.32 - 0.35kg,2
0.318kg,2
0.315kg,2
0.30 - 1.50kg,2
0.30 - 0.58kg,2
0.29 - 1.37kg,2
0.28kg,2
0.285kg,2
0.283kg,2
0.255kg,2
0.25 - 0.80kg,2
0.25 - 0.35kg,2
0.25 - 0.28kg,2
0.24 - 0.42kg,2
0.24 - 0.39kg,2
0.23 - 0.39kg,2
0.22 - 0.49kg,2
0.212g,2
0.20 - 0.90kg,2
0.19 - 0.75kg,2
0.18 - 0.30kg,2
0.17 - 0.20kg,2
0.15 - 0.43kg,2
0.15 - 0.24kg,2
0.15 - 0.23kg,2
0.141kg,2
0.14 - 0.45kg,2
0.12 - 0.15kg,2
0.10 - 0.14kg,2
0.09 - 1.39kg,2
0.09 - 0.22kg,2
0.077kg,2
0.07 - 0.23kg,2
0.06 - 0.17kg,2
0.06 - 0.15kg,2
0.05 - 0.35kg,2
0.03 - 0.11kg,2
0.0% Fully Brewed Non-Alcoholic Beer,2
0% M.F.4 Each,2
0 Sugar Gluten-free Dairy-free,2
",500g.500g",2
",228g",2
(8 packets x 39g each),2
(5) weeding tools,2
(4) X 5 Pieces,2
($60.00 per item),2
($5.97 per item),2
($40.00 per item),2
($4.97 per item),2
($3.97 per item),2
($3.88 per item),2
($3.59 per item),2
($3.47 per item),2
($3.19 per item),2
($26.99 per item),2
($2.69 per item),2
($2.47 per item),2
($10.99 per item),2
($1.97 per item),2
($1.77 per item),2
($1.59 per item),2
($0.77 per item),2
($0.69 per item),2
($0.59 per item),2
($0.37 per item),2
$99.99 ,2
$94.78/1kg $43.00/1lb,2
$9.68/1kg $4.39/1lb,2
$9.49 ,2
$8.88 ,2
$8.80/1kg,2
$8.75/1kg $3.97/1lb,2
$8.48 ,2
$77.14/1kg $35.00/1lb,2
$70.53/1kg $32.00/1lb,2
$7.48 ,2
$66.11/1kg $30.00/1lb,2
$63.03/1kg $28.60/1lb,2
$62.81/1kg $28.50/1lb,2
$61.71/1kg $28.00/1lb,2
$6.37/1kg $2.89/1lb,2
$55.00/1kg,2
$52.90/1kg,2
$5.50 ,2
$49.99 ,2
$49.57/1kg $22.49/1lb,2
$46.90/1kg $21.28/1lb,2
$45.99 ,2
$44.08/1kg $20.00/1lb,2
$42.96/1kg $19.49/1lb,2
$40.75/1kg $18.49/1lb,2
$4.59/100g,2
$4.49/100g $20.37/1lb,2
"$4.49
EA",2
,
$4.39/1kg,2
$4.34/1kg $1.97/1lb,2
$4.29 ,2
$4.00/100g,2
$36.36/1kg $16.50/1lb,2
$34.60/1kg $15.70/1lb,2
$32.99 ,2
$32.39/1kg $14.70/1lb,2
$31.95/1kg $14.50/1lb,2
$31.94/1kg $14.49/1lb,2
$31.43/1kg,2
$30.99 ,2
$30.85/1kg $14.00/1lb,2
$3.19/100g $14.47/1lb,2
$3.17/1kg $1.44/1lb,2
$3.06/1kg $1.39/1lb,2
$29.08/1kg $13.19/1lb,2
$27.99 ,2
$26.99 ,2
$26.43/1kg,2
$26.19/1kg $11.88/1lb,2
$25.99/1kg $11.79/1lb,2
$24.98 ,2
$24.23/1kg,2
$24.22/1kg $10.99/1lb,2
$23.92/1kg,2
$23.90/1kg,2
$23.00/1kg,2
$22.98 ,2
$21.78/1kg $9.88/1lb,2
$2.99/100g $29.90/1kg,2
$2.80/1kg $1.27/1lb,2
$2.44/100g $11.08/1lb,2
$2.29/100g $10.39/1lb,2
$2.19/100g $9.94/1lb,2
$2.16/1kg $0.98/1lb,2
$19.98 ,2
$19.38/1kg $8.79/1lb,2
$17.98 ,2
$17.59/1kg $7.98/1lb,2
$17.17/1kg $7.79/1lb,2
$16.95/1kg $7.69/1lb,2
$16.29/1kg $7.39/1lb,2
$15.88 ,2
$15.17/1kg $6.88/1lb,2
$14.53/1kg $6.59/1lb,2
$13.65/1kg $6.19/1lb,2
$13.48 ,2
$13.23/1kg $6.00/1lb,2
$13.22/1kg $6.00/1lb,2
$121.24/1kg $55.01/1lb,2
$12.99/1kg $5.89/1lb,2
$12.10/1kg,2
$11.88/1kg $5.39/1lb,2
$11.22/1kg $5.09/1lb,2
$11.02/1kg,2
$10.98 ,2
$10.76/1kg $4.88/1lb,2
$10.49 ,2
$10.27/1kg $4.66/1lb,2
$10.12/1kg $4.59/1lb,2
$1.99/1lb,2
$1.79 ,2
$1.59 ,2
$1.54/100g $15.41/1kg,2
$1.52/1kg $0.69/1lb,2
$1.50/1kg $0.68/1lb,2
$1.30/1kg $0.59/1lb,2
$1.21/100g $5.49/1lb,2
$1.10/100g $4.99/1lb,2
"                                                    PK
",2
,
"                                                    LB
",2
,
"                                                    BX
",2
,
"                                                                                                                $4.49
EA
",2
,
? Convenient single-serve format ? Sourced from the finest 100% Arabica coffee beans ? Beautifully balanced and consistent taste,1
? Convenient instant brewed coffee ? Sourced from the finest 100% Arabica coffee beans ? Beautifully balanced and consistent taste,1
? the fat,1
"¡¤Premium almonds from California tossed with olive oil & sea salt
¡¤Artisanally dry roasted (never fried)
¡¤Clean label ¨C only 3 ingredients!
¡¤6g of plant-based protein per 28g serving
¡¤3g of fibre per 28g serving
¡¤KETO certified by the Paleo Foundation
¡¤GMO Free",1
,
"?The refreshing pomegranate infusion possesses a special taste characterized by the merging of gentle sour and sweet tastes.
Kosher Parve For Passover and all year round OU-P
Box of 20 individually wrapped tea bags
in a co",1
,
~9lbs,1
~7lbs,1
~5lbs,1
~5.5lbs,1
~400g,1
~4.5lbs,1
~3lbs Before Cleaning,1
~3-4lbs,1
"~2lbs, Boneless",1
~2lbs Before Cleaning,1
~2.5lbs/Pack,1
~2.2lbs,1
~2-4lbs,1
~2 - 3.5lbs,1
"~1lb Before Cleaning, min 2lbs",1
~1lb Before Cleaning 2lbs,1
~1200g,1
~1.8lbs Before Cleaning,1
~1.6lbs,1
~1-3lbs,1
~0.5lb,1
ziyahi Flower Pattern Rotating Candy Box Wedding Favor Box Divided Dried Fruit Plate Snacks Sunflower Seed Container,1
ziyahi 100Pcs/Lot Teabags Lightweight Empty Square Cooking Spice Scented Tea Bags with Seal Filter Paper Natural Drawstring Herb Pouch 100pcs 7x9cm,1
ziyahi 100Pcs/Lot Teabags Lightweight Empty Square Cooking Spice Scented Tea Bags with Seal Filter Paper Natural Drawstring Herb Pouch 100pcs 5.5x7cm,1
yuksok Coffee Cup 200ml Ceramic Coffee Cup Coffee Roasters Espresso Shot Coffee Cup inner white,1
yuksok 2-3 of pack Candy Cane Kids Belly Dance Stick Hanging Decor 3 Pcs,1
yuksok 10ml DIY Colorants Pigments 10ml yellow 10ml lemon yellow,1
yuksok 10ml DIY Colorants Pigments 10ml pink,1
yuksok 10ml DIY Colorants Pigments 10ml brown,1
yuksok 100 Pieces Coffee Filter Replacement Part Papere Coffee Strainer Portable Basket 58mm,1
you'll experience a tantali,1
"you can rest assured that you¡¯re not wasting calories!
Natural",1
,
yingyy Gold Foil Leaf Dessert Candy Fondant Muffins Flakes Portable Home Bakery Bar Food Dishes Tea Drink Decoration DIY Silver 5Set,1
yingyy 100pcs Bag Heal Seal Pouch Filter Paper Loose Infuser Pocket Safety As Shown 3Set,1
yingyy 100pcs Bag Heal Seal Pouch Filter Paper Loose Infuser Pocket Safety As Shown 2Set,1
yilyih Solid Wood Pepper Powder Grinder Black Pepper and Sichuan Pepper Ground Manual Grinder,1
yellow,1
xinxixnxx Wide Steel Cup And Practical Multi-functional Salad Dressing Seal Well£¬Convenient And Salad Cups Application Well purple lid,1
xinxixnxx Wide Steel Cup And Practical Multi-functional Salad Dressing Seal Well£¬Convenient And Salad Cups Application Well light green lid,1
xinxixnxx Wide Steel Cup And Practical Multi-functional Salad Dressing Seal Well£¬Convenient And Salad Cups Application Well Yellow lid,1
xinxixnxx Wide Steel Cup And Practical Multi-functional Salad Dressing Seal Well£¬Convenient And Salad Cups Application Well Pink lid,1
xinxixnxx Wide Steel Cup And Practical Multi-functional Salad Dressing Seal Well£¬Convenient And Salad Cups Application Well Orange lid,1
xinxixnxx Wide Steel Cup And Practical Multi-functional Salad Dressing Seal Well£¬Convenient And Salad Cups Application Well Green lid,1
xinxixnxx Wide Steel Cup And Practical Multi-functional Salad Dressing Seal Well£¬Convenient And Salad Cups Application Well 70ml*6 packs (bags),1
x6,1
wycnly Clearance Vegetable Flavored Spice Storage Box Seasoning Can Box Household Kitchen High-end Sichuan Pepper Seasoning Storage Box Sorting and Storage Christmas Gifts Deals up to 70% off,1
wycnly Clearance New Compartment Fruit with Lid Platter Household Candy Box Living Room Fruit Platter Snack Dried Fruit Box Christmas Gifts Canada Day Weekly flyer,1
wycnly Clearance Ice Cream With Lid Popsicle Summer Ice Cream Big Savings Christmas Gifts The Big Save Winter Savings,1
wycnly Clearance DIY Ice Cream Mould Home Make Popsicle Popsicle Easy Release Homemade Ice Cream Mould Ice Cream Sorbet Hottest Deals Christmas Gifts Clearance Up to 40% off,1
wolftale Durable Pastry Molds Maker For Rust-Resistant Crepes Heat-resistant Tortillas To Corn Tortillas silver 16cm,1
wolftale Durable Pastry Molds Maker For Rust-Resistant Crepes Heat-resistant Tortillas To Corn Tortillas balck 20cm,1
wolftale Durable Pastry Molds Maker For Rust-Resistant Crepes Heat-resistant Tortillas To Corn Tortillas balck 16cm,1
wolftale 1/2/3/5 Convenient With Anti-Skid For Mess-free Experience Easy To Distributor£¬Easy-to-Clean Steel Coffee Distributor Taste 53mmblack 2PCS,1
wolftale 1/2/3/5 Convenient With Anti-Skid For Mess-free Experience Easy To Distributor£¬Easy-to-Clean Steel Coffee Distributor Taste 53mmblack 1 Pc,1
with Tamper,1
whole grain puffs,1
whole grain microwave popcorn with a high source of fiber and gluten free,1
whole grain microwave popcorn made with 100% avocado oil and high source of fibre,1
whole grain kernel popcorn with a high source of fibre and gluten free,1
white vinegar and other concentrated natural flavors. Don¡¯t deny yourself the,1
white bread 675g,1
whip up a chocolate milkshake or double the chocolate in your favourite recipes. This kitchen staple is an easy way to make your day a little more delightful.,1
watson salted duck egg,1
"warming ginger and zesty fresh lemongrass. A blend to truly savor.
Kosher Parve For Passover and all year round OU-P
Box of 20 individually wrapped tea bags
Store in airtight containe",1
,
vendue individuellement,1
vegetables and topped with creamy mashed potatoes,1
vegan microwave popcorn that has a high source of fibre and gluten free,1
vegan friendly,1
vegan bowls and more.,1
veasfak Reusable Metal Cone Paperless Strainer Funnel Golden,1
veasfak Mini Espresso Making Machine Manual Coffee Maker Travel Gadgets Black,1
veasfak Glitter Plastic Embellishment Decoration Candy Cakes Boxes 15ml For Christmas Party Birthday red yellow,1
veasfak Glitter Plastic Embellishment Decoration Candy Cakes Boxes 15ml For Christmas Party Birthday peacock green,1
veasfak Espresso Distribution Tool Set Espresso Hand Stirring Pins Wdt Tools for Cafe 53mm filter,1
veasfak Coffee Cup 200ml Ceramic Coffee Cup Coffee Roasters Espresso Shot Coffee Cup inner white,1
veasfak 10ml DIY Colorants Pigments 10ml yellow 10ml lemon yellow,1
veasfak 10ml DIY Colorants Pigments 10ml black,1
vainilla cookies 12 X403g,1
ufehgfjh Clearance Rotating Candy Box Double Layer Fruit Tray Fruit Tray Living Room Creational Snack Box Compartment Melon Tray Deals,1
ufehgfjh Clearance Rice Barrel Household Insect Proof Water Proof Sealed Food Grade Rice Cylinder Rice Box Flour Barrel Storage Tank Miscellaneous Grain Storage Box Deals,1
ufehgfjh Clearance Home Made Ice Cream Set Box For Making Ice Cream Ice Cream Ice Cream Children's Ice Cream Stick Ice Cream Stick Deals,1
ufehgfjh Clearance Home Baking Bee Rice Cake Model Critter Cake Model Deals,1
ufehgfjh Clearance 50pcs Empty Teabags String Heat Filter Paper Herb Loose Tea Bag Deals,1
two-bite? Christmas Assorted Cupcakes ¨C 24pk,1
two-bite? Brownies with Candy Cane Sprinkles Party Platter,1
two-bite ? Trolls Cupcakes,1
two-bite S'mores Cupcakes,1
tssuouriy Non-Stick Fondant Cake Decorating Tool Set Easy To Clean And Non-Toxic DIY Cake Convenient As Shown 5Set,1
tssuouriy Non-Stick Fondant Cake Decorating Tool Set Easy To Clean And Non-Toxic DIY Cake Convenient As Shown 2Set,1
tssuouriy Non-Stick Fondant Cake Decorating Tool Set Easy To Clean And Non-Toxic DIY Cake Convenient As Shown 1Set,1
tssuouriy 1/2/3/5 10 Pieces Insect Cake Decoration Happy Birthday Party Decor Simulation Crafts Sign Dessert Cakes Pastry Baking Type 5 1 Pc,1
tssuouriy 1/2/3/5 10 Pieces Insect Cake Decoration Happy Birthday Party Decor Simulation Crafts Sign Dessert Cakes Pastry Baking Type 4 5PCS,1
tssuouriy 1/2/3/5 10 Pieces Insect Cake Decoration Happy Birthday Party Decor Simulation Crafts Sign Dessert Cakes Pastry Baking Type 4 1 Pc,1
tssuouriy 1/2/3/5 10 Pieces Insect Cake Decoration Happy Birthday Party Decor Simulation Crafts Sign Dessert Cakes Pastry Baking Type 2 2PCS,1
"trips or any time you need a healthy snack
easy to digest and irresistable you can snack away on these gluten free flatbreads on their own",1
,
triangle coffee filters coffee maker Medium,1
tredstone Black Stainless Steel Filter Screen For Aromatic Coffee Coffee And Tea Can Be Used Together type+1,1
tredstone Birthday cake with card balloons,1
tredstone Advent Calendar Christmas Hanging Pendant Kids Family New Year Gnome Non-woven Fabric DIY Wall Calendary Faceless Man Xmas Tree Decoration Gift Gray,1
tredstone Advent Calendar Christmas Hanging Pendant Color Matching Door Wall Multifunction Cartoon 3D Doll 3-Layer Gifts Holder Hotel Lobby New Year Green,1
tredstone 24 Pockets Santa Claus Christmas Advent Calendar Wall Hanging Ornament Snacks Biscuits Home Bedroom Living Room Decoration Red,1
tomates au citron ¨¤ la main Livraison gratuite jusqu'¨¤ 5 $cette semaine Livraison gratuite,1
"this tea has an intriguing sweet and sour taste.
Kosher Parve For Passover and all year round OU-P
Box of 25 individually wrapped tea bags
in a cool place
Great for Iced T",1
,
this sustainably sourced whole bean coffee delivers a sweet treat every time.,1
this kasha is not just an ingredient ¨C it's a celebration of health and,1
this dried chili is also used in the production of popular spice products such as chili powder and chili oil.,1
this dish is not just a meal but a celebration of heritage and taste. Key Featu,1
"this chocolatey drizzled rice cake brings the campfire to you.
and totally satisfying but won't ruin your diet.
A Delicious Obsession&",1
,
thinsony Flower Pattern Rotating Candy Box Wedding Favor Box Divided Dried Fruit Plate Snacks Sunflower Seed Container,1
thinsony 100Pcs/Lot Teabags Lightweight Empty Square Cooking Spice Scented Tea Bags with Seal Filter Paper Natural Drawstring Herb Pouch 100pcs 8x10cm,1
thinsony 100Pcs/Lot Teabags Lightweight Empty Square Cooking Spice Scented Tea Bags with Seal Filter Paper Natural Drawstring Herb Pouch 100pcs 5x7cm,1
thinly sliced beef sirloin,1
they provide a satisfyingly crunchy and wholesome snack option. Each 142g pack is filled with d,1
these redskin peanuts perfectly complement a complexity of dishes.,1
there¡¯s a choice for every mood.,1
tartar cream,1
super cheesy puffs.,1
sucre moins de 5 $?conomisez jusqu'¨¤ 90% Clearing livraison gratuite,1
stevia sweetener,1
stevia,1
star anise is a delicious spice that can add a wonderful aroma and flavour to your cooking. Anise seed can be used in whole or ground form to add an aromatic licorice flavour to your favourite recipes.,1
spicy flavour of finest Australian stem ginger makes a delectable treat with tea or coffee,1
"special occasions or anytime you want a non-alcoholic carbonated natural refreshment.
or flavoring added
and refreshing drink.
Kosher for passover and all year roun",1
,
smooth finish. Superbly Balanced. Never Bitter.,1
simhoa Mini Espresso Making Machine Manual Coffee Maker Travel Gadgets Black,1
simhoa Coffee Cup 200ml Ceramic Coffee Cup Coffee Roasters Espresso Shot Coffee Cup inner white,1
serony Advent Calendar Christmas Hanging Pendant Gnome Non-woven Fabric DIY Wall Calendary Faceless Man Xmas Tree Decoration Gift Gray,1
serony Advent Calendar Christmas Hanging Pendant Color Matching Door Wall Multifunction Cartoon 3D Doll 3-Layer Gifts Holder Hotel Lobby New Year Green,1
sell quqantity 156ml,1
sell quantity case 6x330ml,1
sell quantity 99g,1
sell quantity 870g,1
sell quantity 796ml Jar,1
sell quantity 6x330ml,1
"sell quantity 6x250ml
glass bottle",1
,
sell quantity 500g,1
sell quantity 4x200g,1
sell quantity 36x72g,1
sell quantity 2lt,1
sell quantity 2kg,1
sell quantity 270g,1
sell quantity 258g,1
sell quantity 200ml,1
"sell quantity 200g
tablet form",1
,
"sell quantity 200g
Tablet form",1
,
sell quantity 198g,1
sell quantity 19.2g,1
sell quantity 180g,1
sell quantity 160g (6pcs can),1
sell quantity 150g,1
sell quantity 142g,1
sell quantity 140g,1
sell quantity 12x350ml,1
sell quantity 120g Canned,1
sell quanity 355ml,1
seasoned,1
seafood and tofu,1
salted butter 454gr,1
s Pigment Candle Colo Colorant Candle Material Black,1
ruzhgo 40-Count Paper Coffee Filters Accessories Disposable Unbleached Filters V02 strainer Paper 1-4Cup for Coffee Maker,1
ruzhgo 100Pcs Coffee Paper Filters Maker pot paper Filter Paper paper filters Coffee Maker for No6 Vietnamese Coffee Pot,1
ropicana Lemonade is made with real lemon juice?,1
robot de farine,1
roasted almond cake 400 g - 8 servings,1
rich mashed potatoes in minutes with Idahoan Buttery Homestyle Mashed Potatoes!,1
rich mashed potatoes in minutes with Idahoan Baby Reds Mashed Potatoes.,1
"rich caramel flavor with that perfect balance of a sweet and salty crunch.
and totally satisfying but won't ruin your diet.
A Delicious Obsession?- Unlike those weight los",1
,
rich & velvety,1
relayinert Wide Steel Sauce Convenient Practical Dressing Seal Well£¬Convenient And Practical Salad Dressing Wide Application Seal purple lid 1 Pc,1
relayinert Wide Steel Sauce Convenient Practical Dressing Seal Well£¬Convenient And Practical Salad Dressing Wide Application Seal light green lid 1 Pc,1
relayinert Wide Steel Sauce Convenient Practical Dressing Seal Well£¬Convenient And Practical Salad Dressing Wide Application Seal Yellow lid 1 Pc,1
relayinert Wide Steel Sauce Convenient Practical Dressing Seal Well£¬Convenient And Practical Salad Dressing Wide Application Seal Pink lid 1 Pc,1
relayinert Wide Steel Sauce Convenient Practical Dressing Seal Well£¬Convenient And Practical Salad Dressing Wide Application Seal Green lid 1 Pc,1
relayinert Wide Steel Sauce Convenient Practical Dressing Seal Well£¬Convenient And Practical Salad Dressing Wide Application Seal Blue lid 1 Pc,1
relayinert Durable Pastry Molds Maker For Rust-Resistant Crepes Tortillas To Corn Tortillas Comal For Tortilla silver 16cm,1
relayinert Durable Pastry Molds Maker For Rust-Resistant Crepes Tortillas To Corn Tortillas Comal For Tortilla balck 16cm,1
relayinert Birthday cake with card balloons,1
relayinert 10 Pieces Stamping Insect Cake Decoration Decor Supplies Butterflies Girl Party Baking Dessert Shower Decors Shape Type 5 5Set,1
raw ground turkey,1
raw,1
random color Todays Deals Clearance Sales,1
random color Flyer to p picks,1
random color Clearance Up to 45% off Halloween,1
random color Clearance Up to 40% off up to 90% off Rollback Big Savings,1
quail,1
p¨¦tales de c?ur,1
press Replacement s Balanced .Removable .Smoother . to Clean .Practical Even filter Coffee Pot. for Tea Machines Medium,1
potato snack,1
pork shoulder portion 800g,1
pompe ¨¤ siphon de transfert de liquide pompe ¨¤ huile,1
pitrice Flower Pattern Rotating Candy Box Wedding Favor Box Divided Dried Fruit Plate Snacks Sunflower Seed Container,1
pitrice 100Pcs/Lot Teabags Lightweight Empty Square Cooking Spice Scented Tea Bags with Seal Filter Paper Natural Drawstring Herb Pouch 100pcs 7x9cm,1
pitrice 100Pcs/Lot Teabags Lightweight Empty Square Cooking Spice Scented Tea Bags with Seal Filter Paper Natural Drawstring Herb Pouch 100pcs 6x8cm,1
pitrice 100Pcs/Lot Teabags Lightweight Empty Square Cooking Spice Scented Tea Bags with Seal Filter Paper Natural Drawstring Herb Pouch 100pcs 5.5x7cm,1
pineapple juice concentrate and sake wine make bold and perfectly balanced flavours,1
pimelu lollipop DIY chocolate cake decoration Up to 45% off Clearance,1
pimelu Vertical 8 Pack Ice Cream Food Grade Stick Ice Homemade Ice Cream Popsicle Model Clearance Up to 45% off,1
pimelu Strawberry Scented Candle - Soy Candle - Home Aromatherapy - Holiday Candle Gifts - Candle Gifts For Women - Funny And Unique - Birthday Gifts For Sisters Flash Deal Wal&mart Deals,1
pimelu Stainless Steel Manual 12 Inch Beater Stirrer Rubber Plastic Non-slip Handle Summer Savings Wal&mart Deals Thanksgiving Day,1
pimelu Sealed Compartment Plastic Lunch Box Can Be Put Into Microwave Oven Student Lunch Box Large Capacity Lunch Box For Office Workers Up to 60% off Summer Savings New Year's Day,1
pimelu Printed Kitchen Oil Barrier High Temperature Aluminum Foil Oil Baffle Flyer Deals Home Savings Clearance Canada Day Canada Day,1
pimelu Printed Kitchen Oil Barrier High Temperature Aluminum Foil Oil Baffle Deals Home Savings Clearance Up to 60% Off Flyer Deals,1
pimelu Portable Electric Fan Rechargeable Cooler Spray Humidifier With USB For Dorm Office Desktop Up to 60% off Wal&mart Deals,1
pimelu Portable And Fashionable Stainless Steel Water Cup For Men And Women With Handle Bounce Cover Insulation Cup 450ml Up to 45% off Up to 60% off Halloween,1
pimelu Lunch Box For Office Workers Lunch Box Double-layer Lunch Box Tableware Double-layer Microwave Oven Hot Lunch Box Up to 45% off Clearance Boxing Day,1
pimelu Easter Lovely Rabbit Tea Bag Hanging Fixed Tea Bag Fixed Tea Bag Tea Cup Wall Decoration Rabbit Differentiator Fall Savings! Clearance,1
pimelu Bluetooth Headphones Wireless Earbuds Bluetooth 5.1 Sports Earphones With Microphone For Calls Up to 60% off Flash Deal Halloween,1
pimelu Bluetooth 5.3 Subwoofer Headband Wireless Headphones - Built-in Microphone Stereo Noise Cancelling Foldable Headphones Up to 45% off Wal&mart Deals Victoria Day,1
pimelu 50pcs Empty Teabags String Heat Filter Paper Herb Loose Tea Bag Summer Savings Clearance Labour Day,1
pimelu 15 Ocean World Dolphin Chocolate Moulds Cake Decoration Candy Moulds DIY Up to 60% off Flash Deal,1
pimelu 11Pcs Fruit Vegetable Carving Knife Stainless Steel Knife Holiday Tool Up to 45% off Wal&mart Deals,1
peas served over Basmati rice! 14g of protein per serving.,1
peanut free biscuit.,1
paintdeskshop Professional Espresso Distribution Tool Coffee Powder Distributor rose gold,1
p,1
oreille suspendue moins de 5 $?conomisez jusqu'¨¤ 90%,1
orange),1
or rice. They are kosher for passover and gluten free.,1
or mix it into smoothies and milkshakes.,1
or creating sauces and dips for all kinds of food.,1
open Season Candy Box Nut Snack Organizer Melon Dried Fruit Tray with Lid Compartment Double Storage Box Nut And Dried Fruit Organizer Snack Tray for Kitchen And Parties,1
onlyliua up to 60% off Gifts Four Colors Available Thumb Ice Lattice Kitchen Tool Ice Lattice New Modeling Ice Lattice Kitchen Ice Lattice Candle Models Plaster Models,1
onlyliua Holiday Deals Christmas Earrings Ear Cute Christmas Jewelry For Women New Year Gifts Holiday Gift Finder,1
onlyliua Handheld Homemade Ice Popsicle Ice Cream Homemade,1
onlyliua Clearance Handheld Homemade Ice Popsicle Ice Cream Homemade,1
onlyliua Clearance Drains Protector Flower Shape Drains Hair Catcher Strainer Snare Reusable Plastic Sewer Anti-Clogging Sink Filter Flash Deals,1
onlyliua Ceramic Mug Scandinavian Striped Cup And Saucer Set A Must-have For A Cozy Office Environment for Indoor/Outdoor,1
only 1g,1
oneOone Viscose Jersey White Fabric Skull Craft Project Decor Fabric Printed By The Yards 60 Inches Wide,1
oneOone Viscose Chiffon Mustard Yellow Fabric Skull Fabric For Sewing Printed Craft Fabric By The Yard 42 Inch Wide,1
oneOone Velvet Purple Fabric Skull Craft Projects Decor Fabric Printed By The Yard 58 Inch Wide,1
oneOone Silk Tabby Mustard Yellow Fabric Skull Quilting Supplies Print Sewing Fabric By The Yards 42 Inches Wide,1
oneOone Silk Tabby Maroon Fabric Crocodile Animal Skin Craft Projects Decor Fabric Printed By The Yard 42 Inch Wide,1
oneOone Silk Tabby Light Green Fabric Skull Fabric For Sewing Printed Craft Fabric By The Yard 42 Inch Wide,1
oneOone Polyester Lycra Dusty Teal Green Fabric Crocodile Animal Skin Quilting Supplies Print Sewing Fabric By The Yard 56 Inch Wide,1
oneOone Polyester Lycra Dusty Rose Fabric Crocodile Animal Skin Sewing Craft Projects Fabric Prints By Yard 56 Inch Wide,1
oneOone Georgette Viscose Royal Blue Fabric Crocodile Animal Skin Sewing Material Print Fabric By The Yard 42 Inch Wide,1
oneOone Cotton Silk Blush Pink Fabric Crocodile Animal Skin Fabric For Sewing Printed Craft Fabric By The Yard 42 Inch Wide,1
oneOone Cotton Poplin White Fabric Skull Diy Clothing Quilting Fabric Print Fabric By Yard 56 Inch Wide,1
oneOone Cotton Poplin Twill White Fabric Skull Dress Material Fabric Print Fabric By The Yard 56 Inch Wide,1
oneOone Cotton Poplin Twill Orange Fabric Skull Fabric For Sewing Printed Craft Fabric By The Yard 56 Inch Wide,1
oneOone Cotton Poplin Twill Maroon Fabric Crocodile Animal Skin Sewing Craft Projects Fabric Prints By Yard 56 Inch Wide,1
oneOone Cotton Poplin Orange Fabric Skull Dress Material Fabric Print Fabric By The Yard 42 Inch Wide,1
oneOone Cotton Poplin Dusty Teal Green Fabric Crocodile Animal Skin Sewing Material Print Fabric By The Yard 56 Inch Wide,1
oneOone Cotton Jersey Mint Fabric Crocodile Animal Skin Fabric For Sewing Printed Craft Fabric By The Yard 58 Inch Wide,1
oneOone Cotton Flex Dusty Green Fabric Crocodile Animal Skin Craft Projects Decor Fabric Printed By The Yard 40 Inch Wide,1
oneOone Cotton Flex Burgundy Fabric Crocodile Animal Skin Craft Projects Decor Fabric Printed By The Yard 40 Inch Wide,1
on brownies or as a dip for sliced apples.,1
nutty and spicy,1
nutty aftertaste.,1
nutty & aromatic,1
nuts and seeds,1
nerds Gummy Clusters Berry,1
multicolor,1
mmirethe White Portable Marinade Easy To Clean And Enhances Flavorful Cooking Reusable And Easy As Shown 1Set,1
mmirethe Portable Salad Dressing Cups For Mess-free Dressing On Move Wide Application Steel Sauce Cup light green lid 3Set,1
mmirethe Portable Salad Dressing Cups For Mess-free Dressing On Move Wide Application Steel Sauce Cup Pink lid 2Set,1
mmirethe Portable Salad Dressing Cups For Mess-free Dressing On Move Wide Application Steel Sauce Cup 70ml*6 packs (bags) 5Set,1
mmirethe Portable Salad Dressing Cups For Mess-free Dressing On Move Wide Application Steel Sauce Cup 70ml*6 packs (bags) 2Set,1
mixed with rose petals and exotic herbs such as cinnamon and coconut. Rose Chai has a unique rich aroma which captures the smells of the colorful markets of the Far East. Together with warm milk and sugar you can enjoy the mixture of wonderful fl,1
mix of various savoury,1
mini bo?te d'¨¦pices rendra les ¨¦pices discr¨¨tes plus int,1
milk chocolate salted caramel&crispy quinoa,1
michiu flavoured wine and brown sugar.,1
maskred 200pieces Tea Bags Solution For Tea Enthusiasts Everywhere Drawstring white 1Set,1
maskred 100x Lollipops Sticks Acrylic 2x3cm Festive and Resilient 12.7x0.3cm 2Set,1
looks and tastes just like ground beef,1
long Service life Emergency Water Jug Bags 5Pcs Repeatable Removal Freezing For Party For Home 15l,1
light and refreshing taste that is perfect to relax and unwind with.,1
lg Marinade Hnydijon 350ml,1
les champi,1
lemon Garlic Dressing - 355ml,1
le sala,1
large Diameter 304 Stainless Steel Coffee Container For Home 1100ml,1
large Capacity Corrosion Resistance Iced Drink For Home Restaurant Cold Beverages Coffee Silver 1.5l,1
lager taste without Alcohol,1
la far,1
lH FD Parsl,1
lEE KUM KEE HOT CHIlI OIl,1
lACTANCIA BEA SKIM 2l,1
lACTANCIA BEA HOMO 1l,1
lACTANCIA BEA 2% 2l,1
lACT UlTRAPUR 3.25% 1.5l,1
l- Bites Salted Caramel,1
kusrkot 60Pcs Invisible Chest Covers Anti Chafing Nip Guard Nip Protector Breathable Nip Skin,1
kurtrusly Flower Pattern Rotating Candy Box Wedding Favor Box Divided Dried Fruit Plate Snacks Sunflower Seed Container,1
kurtrusly Birthday cake with card balloons,1
kurtrusly 300 Pieces Teabags Drawstring Filter 300x Set Drawstring Empty Bags Strainer Infuser Pouch Penetration Seal Tea Bag Powder Spices Teaware 6*8 CM,1
kurtrusly 24 Pockets Santa Claus Christmas Advent Calendar Wall Hanging Ornament Snacks Biscuits Home Bedroom Living Room Decoration Red,1
koolsoo 4x100 Piece Home Kitchen Disposable Unbleached Coffee Flters 6 Cup 4 Pcs,1
keepw Silver Sturdy And Durable Stainless Steel Flour Shaker For Long-lasting Performance Wide Application no handle 1Set,1
keepw Filter Mesh Coffee Basket Powder Strainer Long Handle Stainless Steel Rustproof Multipurpose Handily Gripped Filtering Net Type 7,1
keepw Filter Mesh Coffee Basket Powder Strainer Long Handle Stainless Steel Rustproof Multipurpose Handily Gripped Filtering Net Type 5,1
keepw Filter Mesh Coffee Basket Powder Strainer Long Handle Stainless Steel Rustproof Multipurpose Handily Gripped Filtering Net Type 1,1
keepw Easy Access To Fresh Bean Sprouts Install And Maintain With Ease Clean And Tidy Kitchen Sprossenglas B,1
keepw Durable Halloween For Drinks And Decorate With Ease Stylish Round 5Set,1
keepw 500pcs/set Professional-looking Arrangements Without Breaking Bank Excellent Materials Are yellow 1Set,1
keepw 500pcs/set Professional-looking Arrangements Without Breaking Bank Excellent Materials Are white 1Set,1
keepw 500pcs/set Professional-looking Arrangements Without Breaking Bank Excellent Materials Are purple 1Set,1
keepw 500pcs/set Professional-looking Arrangements Without Breaking Bank Excellent Materials Are orange 1Set,1
keepw 500pcs/set Professional-looking Arrangements Without Breaking Bank Excellent Materials Are milky white 1Set,1
keepw 500pcs/set Professional-looking Arrangements Without Breaking Bank Excellent Materials Are green 1Set,1
karymi Silica Gel Tea Bag Tea Filter Silica Gel Tea Filter Clearance,1
karymi 100 Pcs Empty Teabags String Heat Filter Paper Herb Loose Tea Bag Up to 45% off,1
justharion Birthday cake with card balloons,1
justharion 300 Pieces Teabags Drawstring Filter Bags Strainer Infuser Tea Filter Pouches Pouch Penetration Seal Tea Bag Powder Spices Teaware 5*7 CM,1
jifeng Seasoning Jar small,1
jifeng Coffee Cup 200ml Ceramic Coffee Cup Coffee Roasters Espresso Shot Coffee Cup inner white,1
jifeng 2-3 of pack Candy Cane Kids Belly Dance Stick Hanging Decor 3 Pcs,1
jifeng 10ml DIY Colorants Pigments 10ml yellow 10ml lemon yellow,1
jifeng 10ml DIY Colorants Pigments 10ml pink,1
jifeng 10ml DIY Colorants Pigments 10ml brown,1
jifeng 10ml DIY Colorants Pigments 10ml black,1
jifeng 10ml DIY Colorants Pigments 10ml 10ml rose red,1
jifeng 100 Pieces Coffee Replacement Part Papere Coffee Strainer Portable Basket 51mm,1
"it adds a kick to any meal or snack. Made with apple cider vinegar and organic white vinegar. let this be the secret ingredient in wraps and apps at your next party.
Del",1
,
iron and protein Made with all natural ingredients without preservatives Suitable for vegans Made with love by dietitians!,1
including chiles and lime.,1
in a delicious tomato sauce.,1
in Lazio.650 Millilitre,1
iPad Pro 9.7 inch Soft Silicone Back Case A1673mlMP2VC/A MM172VC/AmlMN2VC/AmlMQ2VC/A A1674 A1675mlMW2VC/AmlMX2VC/A MM192VC/AmlMV2VC/AmlN02VC/AmlMY2VC/AmlN12VC/A MM1A2VC/AmlPY2VC/A - Orange,1
iPad PRO 9.7 Inch [ PRO 2016 ] A1673 A1674mlPX2VC/AmlPW2VC/AmlPY2VC/AmlYJ2VC/A Trifold Soft Silicone Shock Proof Magnetic Flip Case - Gold,1
holds 13 treats,1
"holding the flavour of pasta sauces beautifully while retaining the firm ""al dente"" texture that you expect from Barilla.",1
hidratantes y activos Home Clearance,1
hidratantes y activos Clearing livraison gratuite,1
hidratantes y activos,1
herb filter bag loose tea pouch drawstring herb pouch fabric tea bag empty tea bag,1
g?teau de No?l ?conomisez jusqu'¨¤ 90%,1
g?teau bonbons 1 pi¨¨ce Big Deals Items,1
grated parmesan cheese 500gr,1
granulated stevia sweetener,1
gluten-free liquid seasoning made from non-GMO verified soybeans. It delivers essential amino acids and is a perfect alternative to soy sauce.,1
gluten free snack sized popcorn bag for on the go.,1
gluten free single serve multi-pack popcorn bags,1
frozen pork gyro kit,1
frozen chicken gyro kit,1
frozen,1
fresh450g,1
freestylehome Wide Application Steel And Practical Dressing Seal Well£¬Convenient Salad Dressing Cups Application And Seal Well Pink lid 1 Pc,1
freestylehome Wide Application Steel And Practical Dressing Seal Well£¬Convenient Salad Dressing Cups Application And Seal Well Green lid 1 Pc,1
freestylehome Seal Well Salad Dressing Cups For Leak-proof Transport Of Sauces And Dressings Easy To Open purple lid 5Set,1
freestylehome Seal Well Salad Dressing Cups For Leak-proof Transport Of Sauces And Dressings Easy To Open light green lid 5Set,1
freestylehome Seal Well Salad Dressing Cups For Leak-proof Transport Of Sauces And Dressings Easy To Open light green lid 1Set,1
freestylehome Seal Well Salad Dressing Cups For Leak-proof Transport Of Sauces And Dressings Easy To Open Yellow lid 5Set,1
freestylehome Seal Well Salad Dressing Cups For Leak-proof Transport Of Sauces And Dressings Easy To Open Yellow lid 2Set,1
freestylehome Seal Well Salad Dressing Cups For Leak-proof Transport Of Sauces And Dressings Easy To Open Yellow lid 1Set,1
freestylehome Seal Well Salad Dressing Cups For Leak-proof Transport Of Sauces And Dressings Easy To Open Green lid 1Set,1
freestylehome Seal Well Salad Dressing Cups For Leak-proof Transport Of Sauces And Dressings Easy To Open Blue lid 5Set,1
freestylehome Seal Well Salad Dressing Cups For Leak-proof Transport Of Sauces And Dressings Easy To Open 70ml*6 packs (bags) 5Set,1
freestylehome Seal Well Salad Dressing Cups For Leak-proof Transport Of Sauces And Dressings Easy To Open 70ml*6 packs (bags) 2Set,1
freestylehome 200pieces Exquisite And Practical Tea Filter Bags ¨C Enjoy Sophisticated Tea 7*9cm 1Set,1
fragrant rice,1
flavourful taste.,1
flavorful meal anytime.,1
featur,1
fastboy Wear Resistance Electric Pepper Mill For Long-lasting Performance Made Of Biodegradable green,1
fastboy Flower Pattern Rotating Candy Box Wedding Favor Box Divided Dried Fruit Plate Snacks Sunflower Seed Container,1
fastboy 24 Pockets Santa Claus Christmas Advent Calendar Wall Hanging Ornament Snacks Biscuits Home Bedroom Living Room Decoration Red,1
fastboy 10 Pieces Insect Cake Decoration Happy Birthday Sign Decor Party Crafts Baking Simulation Pastry Cakes Dessert Type 6 5Set,1
fastboy 10 Pieces Insect Cake Decoration Happy Birthday Sign Decor Party Crafts Baking Simulation Pastry Cakes Dessert Type 6 2Set,1
fastboy 10 Pieces Insect Cake Decoration Happy Birthday Sign Decor Party Crafts Baking Simulation Pastry Cakes Dessert Type 4 2Set,1
fastboy 10 Pieces Insect Cake Decoration Happy Birthday Sign Decor Party Crafts Baking Simulation Pastry Cakes Dessert Type 2 2Set,1
fastboy 10 Pieces Insect Cake Decoration Happy Birthday Sign Decor Party Crafts Baking Simulation Pastry Cakes Dessert Type 1 5Set,1
fastboy 10 Pieces Insect Cake Decoration Happy Birthday Sign Decor Party Crafts Baking Simulation Pastry Cakes Dessert Type 1 3Set,1
fastboy 10 Pieces Insect Cake Decoration Happy Birthday Sign Decor Party Crafts Baking Simulation Pastry Cakes Dessert Type 1 2Set,1
fastboy 10 Pieces Insect Cake Decoration Happy Birthday Sign Decor Party Crafts Baking Simulation Pastry Cakes Dessert Type 1 1Set,1
facefd 24 Pockets Santa Claus Christmas Advent Calendar Wall Hanging Ornament Snacks Biscuits Home Bedroom Living Room Decoration Red Red,1
facefd 100Pcs/Lot Teabags Lightweight Empty Square Cooking Spice Scented Tea Bags with Seal Filter Paper Natural Drawstring Herb Pouch 100pcs 6x8cm,1
ensuring every bite is as delicious as the first. Mad,1
ensemble de 4 filtres de robinet ¨¤ cartouche de m¨¦lange bubbler Livraison gratuite jusqu'¨¤ 5 $cette semaine Livraison gratuite,1
ensemble de 2 filtres de robinet ¨¤ cartouche de m¨¦lange bubbler Livraison gratuite jusqu'¨¤ 5 $cette semaine Livraison gratuite,1
ensemble d'ustensiles de cuisine,1
enriched 2.5kg,1
enqiretly 300 Pieces Teabags Drawstring Filter Bags Strainer Infuser Pouch Filter Pouch Heating Penetration Seal Tea Bag Powder Spices Teaware 7*9CM,1
eggs and chilli.,1
easy to prepare.,1
each teabag contains all-natural ingredients for an authentic and flavorful brew. Indulge in th,1
each flat offers a symphony of taste wi,1
"ea, 60g",1
d¨¦coration de g?teau de sucre et gravure moins de 5 $?conomisez jusqu'¨¤ 90% Clearing livraison gratuite,1
d¨¦coration de g?teau de sucre et gravure,1
du sucre,1
drip and dressing,1
distinctive and intense,1
distinctive & bold,1
digestion,1
diced almonds and chunks of cookie crumble crust. Sharing is simply an option.,1
destyer Birthday cake with card balloons,1
destyer 24 Pockets Santa Claus Christmas Advent Calendar Wall Hanging Ornament Snacks Biscuits Home Bedroom Living Room Decoration Red,1
des bonbons et d'autres petits cadeaux moins de 5 $?conomisez jusqu'¨¤ 90%,1
"delicate taste.
Chamomile is one of the best known herb infusions.
The chamomile plant has calming and soothing medicinal qualities. Chamomile infusion is used to relieve stomach aches and toothaches of babies and also helps adults by ",1
,
deals of the week DIY 4 Homemade Ice Cream Chocolate Candy With 20 Wooden Sticks,1
deals and clearance DIY 4 Homemade Ice Cream Chocolate Candy With 20 Wooden Sticks,1
de la farin,1
cyclamate,1
curly kale and quinoa! 13g of protein per serving.,1
cuidado dental Offre de moins de 5 $cette semaine,1
crunchy snack you won't be able to stop eating! Made with a traditional and delicious recipe from one of Japan's oldest manufacturers.,1
crgrtght ?conomisez! Ustensiles de cuisine bouteille d'assaisonnement bouteille de sauce tomate bouteille de sauce salade bouteille de brosse ¨¤ huile bouteille de sauce soja bouteille d'huile,1
crgrtght ?conomisez! Spatule anti - adh¨¦sive de qualit¨¦ alimentaire filtre ¨¤ huile cuill¨¨re avec r¨¦sistance ¨¤ la temp¨¦rature et la flexibilit¨¦ de la conception de s¨¦paration de l'huile,1
crgrtght ?conomisez! Silicone Tea Bag filtre ¨¤ th¨¦ silicone Tea Filter Clearing livraison gratuite Liquidation sp¨¦ciale cette semaine Clearing livraison gratuite,1
crgrtght ?conomisez! Filtre ¨¤ soupe cuill¨¨re ¨¤ huile huile de cuisine filtre ¨¤ soupe pi¨¨ces s¨¦par¨¦es Clearing livraison gratuite Liquidation sp¨¦ciale cette semaine,1
crgrtght ?conomisez! Cuisine maison avec couvercle cinq trous bouteille avec graduation bouteille assaisonnement cuisine ketchup bouteille assaisonnement bouteille Clearing livraison gratuite,1
crgrtght ?conomisez! Coton carr¨¦ serviette torchon serviette ¨¤ main torchon en nid d'abeille coton absorbant respirant cuisine nettoyage anti - adh¨¦sif huile Offre de moins de 5 $cette semaine,1
crgrtght ?conomisez! Cabine t¨¦l¨¦phonique int¨¦rieure pour les personnes ?g¨¦es petite lampe ¨¤ huile H?tel sc¨¨ne arrangement ornement lumineux Clearing livraison gratuite,1
crgrtght ?conomisez! Brosse ¨¤ huile maison assaisonnement brosse ¨¤ huile Split cuisine alimentaire brosse ¨¤ huile barbecue Clearing livraison gratuite Liquidation sp¨¦ciale cette semaine,1
crgrtght ?conomisez! Brosse ¨¤ huile haute temp¨¦rature ¨¤ r¨¦action brosse ¨¤ huile avec bouteille cuisine cr¨ºpes barbecue boulangerie qualit¨¦ alimentaire int¨¦gr¨¦ verre brosse ¨¤ huile bouteille,1
crgrtght ?conomisez! Brosse ¨¤ huile de bouteille d'huile de qualit¨¦ alimentaire avec couvercle r¨¦sistant aux temp¨¦ratures ¨¦lev¨¦es bouteille d'huile Extrusion barbecue brosse ¨¤ huile barbecue,1
crgrtght ?conomisez! Bouteille d'injection d'huile ¨¦lectrique Home po¨ºle ¨¤ frire huile d'olive Spray r¨¦duire artefacts verser pot Clearing livraison gratuite Liquidation sp¨¦ciale cette semaine,1
crgrtght ?conomisez! Accueil multifonctions ¨¤ la main Push ail Cutter moulin ¨¤ ail Ail presse ¨¤ ail poudre d'ail Ail ail T¨ºte ail cutter Clearing livraison gratuite Liquidation sp¨¦ciale cette se,1
crgrtght ?conomisez! Accueil fruits secs moulin ¨¤ ail moulin ¨¤ noix moulin ¨¤ noix main gingembre Grinder Clearing livraison gratuite Liquidation sp¨¦ciale cette semaine,1
crgrtght ?conomisez! Accueil Cuisine cuisini¨¨re Foil huile cuisson Hot clapet outils de cuisine Clearing livraison gratuite Liquidation sp¨¦ciale cette semaine Clearing livraison gratuite,1
crgrtght ?conomisez! 3 en 1 acier inoxydable double vide Cola canette bouteille de bi¨¨re 12oz refroidisseur d'isolation avec ouvre - bouteille Clearing livraison gratuite,1
crgrtght ?conomisez! 1.8l 304 r¨¦servoir de filtre ¨¤ huile en acier inoxydable accueil grande capacit¨¦ cuisine filtre ¨¤ huile r¨¦servoir de stockage Clearing livraison gratuite,1
crgrtght Up to 60% off Gifts Lollipop Silica Gel Can Be Reused The Silica Gel Is Matched With The Lollipop,1
crgrtght Up to 60% off Gifts Ice-cream Maker-Ice-cream Molds Ice Box Small Household Refrigerator Easy-release Ice-cream Molding With Cover Ice Lattice,1
crgrtght Up to 60% off Gifts Ice Cream With Lid Popsicle Summer Ice Cream,1
crgrtght Up to 60% off Gifts Dinosaur Tea Maker Stock Dragon Tea Bag Tea Filter,1
crgrtght Up to 60% off Gifts DIY 4 Homemade Ice Cream Chocolate Candy With 20 Wooden Sticks,1
crgrtght Up to 60% off Gifts Cream Horn Model Stainless Steel Roll Flared Danish Croissant Model,1
crgrtght Une bouteille de brosse ¨¤ huile avec bouteille brosse ¨¤ huile,1
crgrtght Today Deals Prime Seasoning Box-kitchen-household With Lid Set-integrated Four Acrylic Seasoning Jar-sealed Seasoning Bottle- Seasoning Bottle,1
crgrtght Today Deals Prime Rose Flower Ice Cocktail Mix Ice Rose Flower 4 With Ice Tray,1
crgrtght Today Deals Prime Printed Kitchen Oil Barrier High Temperature Aluminum Foil Oil Baffle,1
crgrtght Today Deals Prime Ice Cream With Lid Popsicle Summer Ice Cream,1
crgrtght Today Deals Prime Ice Cream Food Grade Home Children's Homemade Ice Cream Refrigerator Popsicle Popsicle Ice Cream Popsicle,1
crgrtght Today Deals Prime Halloween Product Simulation Popcorn Venue Layout Props Trick Foam Popcorn.,1
crgrtght Today Deals Prime Graduation Theme Chocolate Fondant Cake Graduation Cap Decoration Decoration Baking Glue,1
crgrtght Today Deals Prime DIY Ice Cream Making Ice Box Popsicle,1
crgrtght Today Deals Prime DIY Conjoined Ice Cream Silica Gel ice Cream,1
crgrtght Today Deals Prime Cream Horn Model Stainless Steel Roll Flared Danish Croissant Model,1
crgrtght Today Deals Prime Coffee Filter Cup Drip Cup Hand-brewed Coffee Cup Drip Filter Coffee Filter Cup For Hiking Camping Home Office,1
crgrtght Today Deals Prime Coffee Cup Filter Screen Double-layer Portable Hand Brewed Coffee Folding Ear Filter Drip Coffee Coffee Cup,1
crgrtght Today Deals Prime Accurate Quantitative Seasoning Bottle 0.5g Per Press Household Kitchen Glass Seasoning Tank Proof Sealed Seasoning Bottle Tank,1
crgrtght Today Deals Prime 50pcs Empty Teabags String Heat Filter Paper Herb Loose Tea Bag,1
crgrtght Today Deals Prime 304 Three-layer Steel Thickened Hot Oil Small Pot Stainless Steel Deepened Min Splashing Oil Burning Oil Household Small Oil Pot,1
crgrtght Thanksgiving sucre d'¨¦rable chocolat DIY Chocolate Baking,1
crgrtght Tasse ¨¤ caf¨¦ c¨¦ramique 350ml pour les dipl?m¨¦s de doctorat de l'Universit¨¦ 2024,1
crgrtght Split Service Tray portable snack box avec couvercle et poign¨¦e Deli Container Sealed snack Box pour pique - nique Fun Party,1
crgrtght Spatule anti - adh¨¦sive de qualit¨¦ alimentaire filtre ¨¤ huile cuill¨¨re avec r¨¦sistance ¨¤ la temp¨¦rature et la flexibilit¨¦ de la conception de s¨¦paration de l'huile,1
crgrtght P?ques 8 cavit¨¦s moule bricolage chocolat Cupcake g?teau muffin moule de cuisson,1
crgrtght Prime Day Deals Popsicle Holders Bags Reusable Washable Ice Popsicle Holders 10pc,1
crgrtght Po¨ºle ¨¤ frire en acier inoxydable anti - adh¨¦sif tamis ¨¤ huile outils de cuisson multiplex Packaging,1
crgrtght Plaquettes biscuits - plaquettes de cuisson antiadh¨¦sives - plaquettes de cuisson faciles ¨¤ nettoyer et r¨¦utilisables pour la fabrication de biscuits - biscuits,1
crgrtght Open Box Deals Clearance Three-dimensional Biscuits DIY Biscuits Plastic Baking,1
crgrtght Open Box Deals Clearance Rose Flower Ice Cocktail Mix Ice Rose Flower 4 With Ice Tray,1
crgrtght Open Box Deals Clearance Printed Kitchen Oil Barrier High Temperature Aluminum Foil Oil Baffle,1
crgrtght Open Box Deals Clearance Oil Sprayer For Cooking Olive Oil Sprayer 100ml Glass Olive Oil Spray Bottle Kitchen Gadgets Accessories For Fryer,1
crgrtght Open Box Deals Clearance Dinosaur Tea Maker Stock Dragon Tea Bag Tea Filter,1
crgrtght Open Box Deals Clearance Cream Horn Model Stainless Steel Roll Flared Danish Croissant Model,1
crgrtght Open Box Deals Clearance Coffee Cup Filter Screen Double-layer Portable Hand Brewed Coffee Folding Ear Filter Drip Coffee Coffee Cup,1
crgrtght Open Box Deals Clearance 6 Of natural Stick Fresh Flower Birthday Cake Decoration Card,1
crgrtght Open Box Deals Clearance 50pcs Empty Teabags String Heat Filter Paper Herb Loose Tea Bag,1
crgrtght Open Box Deals Clearance 304 Three-layer Steel Thickened Hot Oil Small Pot Stainless Steel Deepened Min Splashing Oil Burning Oil Household Small Oil Pot,1
crgrtght Online Shopping Segmented Candy Box Household Nut Box Dried Fruit Box Living Room Snack Box Plastic Fruit Box Snack Box,1
crgrtght Online Shopping Fruit Living Room Home Melon Nut New Year Dried Fruit Party Snack Dessert High Appearance Level Fruit,1
crgrtght Online Shopping Fish Hide In Caves Plastic Fish Shrimp Hide Decorative,1
crgrtght Online Shopping 100 Pcs Empty Teabags String Heat Filter Paper Herb Loose Tea Bag,1
crgrtght Multifonctionnel 5 en 1 ¨¦plucheur pinceau de l¨¦gumes ouvre - bouteille moulin ¨¤ ail,1
crgrtght Moulin ¨¤ herbes moulin ¨¤ ¨¦pices ¨¦lectrique moulin ¨¤ caf¨¦ ¨¤ herbes grande capacit¨¦ - pour herbes fines feuilles arachides poivre haricots champignons grains,1
crgrtght Moule de couteau de boulangerie de biscuit d'artisanat de g?teau de sucre d'aluminium de moulage,1
crgrtght Mini moulin ¨¤ ail ¨¦lectrique moulin ¨¤ ail ¨¦lectrique sans fil extracteur d'ail machine ¨¤ ¨¦craser l'ail,1
crgrtght Flacon d'assaisonnement extrud¨¦ 11 OZ avec flacon d'assaisonnement chaud ¨¤ clapet huile d'assaisonnement extrud¨¦e gel liquide,1
crgrtght Ferronnerie voiture Candy Box style europ¨¦en mariage Candy Box cadeau de mariage Pumpkin car,1
crgrtght Enfants Donut Inflatable Bar Party lollipop d¨¦coration accessoires Cartoon Creative Inflatable Bar,1
crgrtght Cuisine Extrusion ¨¦tanche bouilloire ¨¤ huile transparent sauce bouteille avec ¨¦chelle,1
crgrtght Cuill¨¨re ¨¤ huile de filtre en acier inoxydable cuill¨¨re ¨¤ huile de filtre multifonction en acier inoxydable maille fine filtre ¨¤ huile,1
crgrtght Clearance Promotion Halloween Product Simulation Popcorn Venue Layout Props Trick Foam Popcorn.,1
crgrtght Clearance Promotion Candy Box Nut Snack Organizer Melon Dried Fruit Tray With Lid Compartment Storage Box Nut And Dried Fruit Organizer Snack Tray For Kitchen And Parties,1
crgrtght Chocolat sucre tournage moule coeur moule bricolage chocolat Cupcake g?teau muffin moule de cuisson,1
crgrtght Brosse ¨¤ huile haute temp¨¦rature ¨¤ r¨¦action brosse ¨¤ huile avec bouteille cuisine cr¨ºpes barbecue boulangerie qualit¨¦ alimentaire int¨¦gr¨¦ verre brosse ¨¤ huile bouteille,1
crgrtght Brosse ¨¤ bouteille d'huile droite opaque barbecue barbecue brosse ¨¤ huile avec brosse gradu¨¦e outils de cuisine,1
crgrtght Brosse huile contr?l¨¦e bouteille de brosse cuisine haute temp¨¦rature transparent,1
crgrtght Bo?te d'assaisonnement cuisine quatre pi¨¨ces une cuill¨¨re ¨¤ soupe pour mettre l'assaisonnement acidifiant MSG sucre sans cha?ne bo?te de rangement d'¨¦pices bo?te d'assaisonnement pot set,1
crgrtght Bouteille de pulv¨¦risation d'huile cuisine maison barbecue huile d'olive cuisson bouilloire de pulv¨¦risation d'huile pulv¨¦risateur d'huile r¨¦ducteur God Spray bouilloire de pulv¨¦risation d,1
crgrtght Bouteille d'huile maison cuisine verre bouteille d'huile bouteille d'¨¦pices pot d'aromatisation seau ¨¤ huile ¨¦tanche grande capacit¨¦ Cuisine Restaurant,1
crgrtght Bouchon de bouteille de bi¨¨re scell¨¦ ¨¦tanche bouchon souple pour canette de vin rouge cola,1
crgrtght Bac ¨¤ snacks portatif compartiment de stockage snacks Candy box,1
crgrtght Acier inoxydable filtre ¨¤ huile cuill¨¨re s¨¦parateur d'huile cuill¨¨re ¨¤ soupe cuill¨¨re s¨¦parateur de graisse,1
crgrtght Accueil Cuisine cuisini¨¨re Foil huile cuisson Hot clapet outils de cuisine,1
crgrtght Abeille nid d'abeille moule g?teau au chocolat d¨¦coratif Fudge moule,1
crgrtght 50 sachets de th¨¦ vides Brochettes de papier filtre thermique Grass Pine Tea Pack,1
crgrtght 100 sachets de th¨¦ vides Brochettes de papier filtre thermique Grass Pine Tea Pack,1
covered in a chocolatey coating.,1
complemented with sweet and tangy flavours from apple juice concentrate and vinegar.,1
compared to ground cinnamon.,1
combining traditional methods from,1
"combined with Nana (spearmint leaves) this infusion gives that pleasant sense of vitality.
Kosher Parve For Passover and all year round OU-P
Box of 20 individually wrapped tea bags
",1
,
colorfulland Espresso Portafilter Basket Removal Tool Durable Coffee Portafilter 2Pieces,1
coated in a panko crumb and lighly baked until golden brown. Comes with a miso inspired Japanese BBQ sauce to drizzle on the wings or use as a dipping sauce,1
clean finish.,1
chaque lollipop est livr¨¦ avec un petit b?ton,1
case pack 6x250ml,1
case pack 4x250ml,1
capturing the,1
calcetines de playa y fundas blandas,1
brosse ¨¤ huile barbecue Offres pour moins de 5 $cette semaine,1
brosse ¨¤ huile barbecue,1
braveheart 100pcs Bag with String Seal Pouch Loose Infuser Pocket Disposable As Shown 3Set,1
braveheart 100pcs Bag with String Seal Pouch Loose Infuser Pocket Disposable As Shown 1Set,1
balanced & mellow,1
baked golden brown.,1
a?o nuevo,1
as described,1
as BODYARMOR.,1
artificial fl,1
aromatic and spicy,1
anywhere. Found in the freezer aisle. Just Thaw & Eat,1
and strawberry star fruit flavors.,1
and others. The wild fruits give an enchanted experience of voluptuous taste and aroma. In folk medicine blackberries are credited with playing a part i,1
and bacon flavor.,1
all non-GMO and gluten-free.Key Information?Traditional Italian Balsamic GlazesNon-GMO and Gluten-FreeNo Added ThickenersMade with Italian Balsamic,1
adviicd 4 Kinds Of Products Popcorn Venue Layout Props Tricky Foam Eyeball Mouse Popcorn,1
a legume otherwise known as chickpeas. It contains a high proportion of carbohydrates but no gluten ),1
[CLEARANCE]Resin Statue Figurine Ornament Traditional Style Doll Home Decoration,1
ZheElen Clean Water Fresh Taste Coffee Filter For Pure Enjoyment Can Effectively Reduce Chlorine Content light blue,1
ZheElen 2x Cozy And Stylish Atmosphere Sofa Home Decor Healthy Printing And Dyeing Are grey 2Set,1
Zesty Ranch100g,1
Zesty Ranch Toasted Corn,1
Zesty Garden Grain Bowl,1
Zesty Cheese235g,1
Zerto Parmesan 140g. Imported Freshly Shredded Parmesan Cheese. Aged 10 Months or More,1
Zero250 Millilitre,1
Zero Sugar500 Millilitre,1
Zero Sugar Tonic Water,1
Zero Sugar Oat Bev 1.75l,1
Zero Salt Roasted Garlic160g,1
Zero Salt Chicken160g,1
Zero Salt Beef160g,1
ZZwxWA Up to 50% Off Men's Fashion Printed Top With Long Sleeved Round Neck Printed Top Shirt Hooded Sweatshirts,1
ZZwxWA Hot Dog Bun Driller Bread Hot Dog Drilling Grilling Hotdogger Cutting Bread Tool Drill A Hole Baking Supplies For Grilling BBQ Hot Dog,1
ZZwxWA Holiday Saving Stay Cool And Dive Into A Sweet Escape With Our 4-Hole Ice Cream Enjoy DIY Ice Cream Ice Pops And Novelties At Home Ice,1
ZZwxWA Clearance Sales Double Layer Candy And Dried Fruit Rotating Design Dessert,1
ZZwxWA Clearance Sales DIY Bee Beetle Flower Cake Chocolate Candy,1
ZZwxWA 50% Off Clear Easter Bunny Treat Trays Wooden Easter Rabbit Wooden Snack Delicatessen Cheese,1
ZZkhGo Up to 50% Off Plastic Fencing PVC Gardening White Hedge Fence Decorative Patio Garden Project,1
ZZkhGo Up to 45% Off Coffee Gounds Box Stainless Steel Box Built-in Container for Coffee,1
ZZkhGo Today Discount Plastic Fencing PVC Gardening White Hedge Fence Decorative Patio Garden Project,1
ZZkhGo Reduced Price Plastic Fencing PVC Gardening White Hedge Fence Decorative Patio Garden Project,1
ZZkhGo Hot Dog Bun Driller Bread Hot Dog Drilling Grilling Hotdogger Cutting Bread Tool Drill A Hole Baking Supplies For Grilling BBQ Hot Dog,1
ZZkhGo Holiday Gift Finder Resin Jewelry Coloring Making Gypsum Products Handicraft Hand Water-based Paint 30ml,1
ZZkhGo Holiday Gift Finder Cream Horn Model Stainless Steel Roll Flared Danish Croissant Model,1
ZZkhGo Holiday Deals Popsicle Holders Bags Reusable Washable Ice Popsicle Holders 10pc,1
ZZkhGo Flash Deals New Juicing Cup Multifunction Fresh Juicess Wireless Outdoor Portable Juicing Large Capacity,1
ZZkhGo Flash Deals DIY Conjoined Ice Cream Silica Gel ice Cream,1
ZZkhGo Easter Lovely Rabbit Tea Bag Hanging Fixed Tea Bag Fixed Tea Bag Tea Cup Wall Decoration Rabbit Differentiator,1
ZZkhGo Clearance Sales Plastic Fencing PVC Gardening White Hedge Fence Decorative Patio Garden Project,1
ZAVIDA HAZELNUT VANILLA 30CT PODS,1
ZAVIDA FRENCH VANILLA 30CT PODS,1
ZAVIDA CANADIAN MAPLE 30CT PODS,1
ZAVIDA 100% COLOMBIAN 30CT PODS,1
ZAVID44CT DISCOV,1
Yves Veggie Cuisine Veggie Bacon Strips,1
Yves Veggie Chick'n Nuggets,1
Yves Veggie Chick'n Burgers,1
Yves Jumbo Veggie Dog,1
Yves Falafel Balls,1
Yummy Kids,1
Yum Yum Regular chips 425g,1
Yucatan Restaurant Stlye Guacamole 454gr,1
Yu Choy,1
Your Fresh Market Roasted Seasoned Chicken,1
Your Fresh Market Raisin Bran Muffins,1
Your Fresh Market Pumpernickel Bread,1
Your Fresh Market Pork Barbecue Skewers,1
Your Fresh Market Pizza Buns,1
Your Fresh Market Lemon Poppy Seed Muffins,1
Your Fresh Market Hot Cross Buns,1
Your Fresh Market Herb and Onion Stuffing Bread,1
Your Fresh Market Herb and Garlic Roasted Seasoned Chicken,1
Your Fresh Market Greek-Style White Pita,1
Your Fresh Market Gingerbread Holiday Muffins,1
Your Fresh Market French-Style White Baguette,1
Your Fresh Market French-Style Multigrain Baguette,1
Your Fresh Market Chicken Breast Teriyaki Skewers,1
Your Fresh Market Carrot Slab Cake,1
Your Fresh Market Carrot Muffins,1
Your Fresh Market Barbecue Roasted Seasoned Chicken,1
Your Fresh Market Arabic-Style Whole Wheat Pita,1
Your Fresh Market Arabic-Style White Pita,1
Young Coconut,1
Youkk Wide Application Steel Sauce With Convenient Salad Well£¬Convenient And Salad Dressing Wide Application And Seal Well Pink lid 1 Pc,1
Youkk Wide Application Steel Sauce With Convenient Salad Well£¬Convenient And Salad Dressing Wide Application And Seal Well Orange lid 1 Pc,1
Youkk Wide Application Steel Sauce With Convenient Salad Well£¬Convenient And Salad Dressing Wide Application And Seal Well Green lid 1 Pc,1
Youkk Seal Well Salad Dressing Cups For Leak-proof Transport Of Sauces And Dressings Steel Sauce Cup Yellow lid 3Set,1
Youkk Seal Well Salad Dressing Cups For Leak-proof Transport Of Sauces And Dressings Steel Sauce Cup Yellow lid 1Set,1
Youkk Multifunctional Korean Noodle Pot Sturdy And Fashion Appearance Easy And Convenient To Noodle Pot gold 20cm 1Set,1
Youkk Multifunctional Korean Noodle Pot Sturdy And Fashion Appearance Easy And Convenient To Noodle Pot gold 18cm 1Set,1
Yorkshire Red Tea Bag - 80s,1
Yop by Yoplait Strawberry/Blueberry/Raspberry/Strawberry-Banana Drinkable Yogurt,1
Yogurt Strawberry,1
Yogurt Dressing & Dip355 Millilitre,1
YoBar,1
Yo Bar,1
Yellow400g,1
Yellow RoundGrab N'Go500g,1
Yellow Corn300g,1
Yellow 6in520g,1
YXRRVING 8PCS 70g Cake Edible Powder Food Color Cake Fudge Baking Pigment Tool Accessor Powder Cake Flavor Fruit C4X3,1
YXRRVING 8PCS 70g Cake Edible Powder Food Color Cake Fudge Baking Pigment Tool Accessor Powder Cake Flavor Fruit A2D6,1
YUANOU A8A841D-WAKFU(J-Wave Khaki),1
YUANOU A8A841C-WAWWU(J-Wave pink),1
YUANOU A8A841B-WACAA(J-Wave camel),1
YUANOU A8A841A-WAFJO(J-wave black),1
YUANOU A7V5T1N-WAIBB(Perfect color),1
YUANOU A7V5T1M-WAVXG(Caramel color),1
YUANOU A7V5T1C-WAICA(G for blue),1
YUANOU A7V491A-WAHMI(Beige),1
YORKSHIRE GOLD TEA BAG,1
YOP MINIGO 2MF FRSH CHS BL/ST/VN 6CT,1
YOGOLITE,1
YELLOW HOT PEPPER PASTE,1
Xtra Tingly Sauce249 Millilitre,1
Xingzhi Water Tank - Stylish And Functional Suitable For Home And Professional Elegant Easy To Container With 5.5 L 2Set,1
Xingzhi Filter Mesh Coffee Basket Powder Strainer Long Handle Stainless Steel Rustproof Multipurpose Handily Gripped Filtering Net Type 7,1
Xihbxyly organizer Box Segmented Candy Box Household Nut Box Dried Fruit Box Living Room Snack Box Plastic Fruit Box Snack Box,1
Xihbxyly Storage Containers Segmented Candy Box Household Nut Box Dried Fruit Box Living Room Snack Box Plastic Fruit Box Snack Box,1
Xihbxyly Flash Deals Sale Items Coffee Filter Cup Drip Cup Hand-Brewed Coffee Cup Drip Filter Coffee Filter Cup for Hiking Camping Home Office,1
Xihbxyly Flash Deals Of The Day Online Only Coffee Filter Cup Drip Cup Hand-Brewed Coffee Cup Drip Filter Coffee Filter Cup for Hiking Camping Home Office,1
XZNGL Women Printed Plus Size O-Neck T-Shirts Print Short Sleeve Graphic Tee Tops,1
XBRW Women's Thickened Down Jacket Warm Winter Down Coat,1
Wweixi Enjoy Pleasure Of Brewing Coffee High Precision Coffee Strainer Bottomless Handle Is Easy To Clean F Brazilian pear 3Set,1
Wweixi Enjoy Pleasure Of Brewing Coffee High Precision Coffee Strainer Bottomless Handle Is Easy To Clean F Brazilian pear 2Set,1
Wweixi Enjoy Pleasure Of Brewing Coffee High Precision Coffee Strainer Bottomless Handle Is Easy To Clean C2 WHITE PLASTIC 3Set,1
Wweixi Enjoy Pleasure Of Brewing Coffee High Precision Coffee Strainer Bottomless Handle Is Easy To Clean C2 plastic black 2Set,1
Wweixi Enjoy Pleasure Of Brewing Coffee High Precision Coffee Strainer Bottomless Handle Is Easy To Clean C1 beech 3Set,1
Wweixi Enjoy Pleasure Of Brewing Coffee High Precision Coffee Strainer Bottomless Handle Is Easy To Clean C1 beech 2Set,1
Wweixi Enjoy Pleasure Of Brewing Coffee High Precision Coffee Strainer Bottomless Handle Is Easy To Clean B2 beech 3Set,1
Wweixi Enjoy Pleasure Of Brewing Coffee High Precision Coffee Strainer Bottomless Handle Is Easy To Clean B2 beech 2Set,1
Wweixi Enjoy Pleasure Of Brewing Coffee High Precision Coffee Strainer Bottomless Handle Is Easy To Clean A2 beech 3Set,1
Wweixi Enjoy Pleasure Of Brewing Coffee High Precision Coffee Strainer Bottomless Handle Is Easy To Clean A2 beech 2Set,1
Wweixi Coffee Beverage Filter Bag with Drawstring Multi-purpose Food Vegetable Fruit Fine Mesh Strainer Bags Home Kitchen Cafe 12x12inch,1
Wweixi Cake Decorating Fondant Tool Set Non-Toxic And Eco-Friendly For DIY Cake Decorations High As Shown 2Set,1
Wweixi 10 Pieces Stamping Gold Insect Cake Sign Party Butterflies Dessert Decoration Pastry Cakes Decor Baking Shape Simulation Type 6 2Set,1
Wweixi 10 Pieces Stamping Gold Insect Cake Sign Party Butterflies Dessert Decoration Pastry Cakes Decor Baking Shape Simulation Type 6 1Set,1
Wweixi 10 Pieces Stamping Gold Insect Cake Sign Party Butterflies Dessert Decoration Pastry Cakes Decor Baking Shape Simulation Type 5 5Set,1
Wweixi 10 Pieces Stamping Gold Insect Cake Sign Party Butterflies Dessert Decoration Pastry Cakes Decor Baking Shape Simulation Type 5 1Set,1
Wweixi 10 Pieces Stamping Gold Insect Cake Sign Party Butterflies Dessert Decoration Pastry Cakes Decor Baking Shape Simulation Type 4 1Set,1
Wweixi 10 Pieces Stamping Gold Insect Cake Sign Party Butterflies Dessert Decoration Pastry Cakes Decor Baking Shape Simulation Type 2 5Set,1
Wweixi 10 Pieces Stamping Gold Insect Cake Sign Party Butterflies Dessert Decoration Pastry Cakes Decor Baking Shape Simulation Type 1 2Set,1
Wuztai Deals 90% off Ice Cream Food Grade Home Children's Homemade Ice Cream Refrigerator Popsicle Popsicle Ice Cream Popsicle Clearance,1
Wuztai Clearance Double Layer Candy And Dried Fruit Rotating Design Dessert Deals 90% off,1
Wuztai Clearance Chopper Portable Vegetable Chopper 250ml 3 Blades USB Rechargeable Suitable For Ginger Chilli Vegetables Meat Spices Beans Etc Home Camping Travelling Deals 90% off,1
Wuztai Clearance 100pc Halloween Cookies Nougat Snowflake Crisp Fruit Bag Ghost Party Gift Ziplock Bag Goodie Bag Deals 90% off,1
Wright¡¯s Liquid Smoke Hickory,1
Workhe 30pcsToothpicksHeartShapeTopCakeFruitDecorationWoodenSticksHomeRestaurantBanquet,1
Wooden pepper mill Wooden mills Mechanisms Sea salt grains 4 inch,1
Wooden Manual Pepper with Grinding 18.5cm,1
Women's Dress Long Lantern Sleeve Ruched V Neck Drawstring Side Slit Knit Bodycon Dresses,1
Wolfast Four Compartments Seasoning Jar Compartment Multifunctional Seasoning Can of Spices Household Seasoning Combination Set Spice Can of Spices,1
With Silicone Bellow Silicone Bellow Coffee Bellow Coffee Mazzer Dose With Silicone Coffee Mazzer Coffee Alloy Dose With Coffee Type 3 Dose Lsfyyds Alloy Coffee Qisuo Alloy,1
Wissotzky Fruit Nana Tea 25 Bag (Pack of 6),1
Winter Savings Clearance pimelu Pressing Glass Spice Jar MSG Seasoning Storage Sealed Sugar Shaker Kitchen Seasoning Jar Summer Clearance,1
Wine Rack Iron Art Display Bar Wine Cabinet Interior Decoration Summer Clearance,1
Wild Fresh1.5kg,1
Wild Blueberry Vanilla113g,1
Wild Bluberry Almond150g,1
Wild Berry14g,1
Wide Steel Cup And Practical Tool Steel Sauce Multi-functional Salad Dressing Seal Well£¬Convenient And Salad Cups Application Well light green lid,1
Wide Steel Cup And Practical Sauce Cup Sauce Multi-functional Salad Dressing Seal Well£¬Convenient And Salad Cups Application Well light green lid,1
Wide Steel Cup And Practical Salad Dressing Multi-functional Salad Dressing Seal Well£¬Convenient And Salad Cups Application Well Pink lid,1
Wide Steel Cup And Practical Multi-functional Sauce Container Salad Salad Dressing Seal Well£¬Convenient And Salad Cups Application Well light green lid,1
Wide Steel Cup And Practical Multi-functional Salad Sauce Container Salad Dressing Dressing Seal Well£¬Convenient And Salad Cups Application Well Pink lid,1
Wide Steel Cup And Practical Multi-functional Salad Dressing Salad Dressing Container Steel Seal Well£¬Convenient And Salad Cups Application Well Green lid,1
Wide Steel Cup And Practical Multi-functional Salad Dressing Containers Steel Sauce Cup Seal Well£¬Convenient And Salad Cups Application Well purple lid,1
Wide Steel Cup And Practical Multi-functional Salad Dressing Container Steel Dressing Seal Well£¬Convenient And Salad Cups Application Well Pink lid,1
Wide Steel Cup And Practical Multi-functional Salad Containers Steel Sauce Dressing Seal Well£¬Convenient And Salad Cups Application Well Pink lid,1
Wide Steel Cup And Practical Multi-functional Salad Container Steel Sauce Dressing Seal Well£¬Convenient And Salad Cups Application Well Blue lid,1
Wide Steel Cup And Practical Multi-functional Containers With Silicone Salad Dressing Seal Well£¬Convenient And Salad Cups Application Well light green lid,1
Wide Steel Cup And Practical Dressing Container Steel Multi-functional Salad Dressing Seal Well£¬Convenient And Salad Cups Application Well Green lid,1
Wide Steel Cup And Practical Container Steel Sauce Cup Multi-functional Salad Dressing Seal Well£¬Convenient And Salad Cups Application Well Orange lid,1
Why limit your birthday to one day a year!? It can be your birthday every day with our birthday cake drizzled rice cakes.,1
Wholly Avo Verde Salsa 284g,1
WholeFresh1 Pound,1
Whole1.74 Litre,1
Whole wheat bread 675g,1
Whole wheat,1
Whole Wheat Small340g,1
Whole Wheat Flour,1
Whole Roasted & Unsalted500g,1
Whole Not Cut 5lbs,1
Whole Not Cut 2.5lbs,1
Whole Not Cut,1
Whole Grain Wide Sliced567g,1
Whole Grain Cheddar180g,1
Whole 3.25% M.F. - Lactose Free1.5 Litre,1
Whole 2.5lbs,1
Whitel,1
White Whole Organic,1
White White Wide Sliced567g,1
White Truffle & Sea Salt200g,1
White Small340g,1
White Potatoes 5lb,1
White Mystery15.6g,1
White King Puto Mix 400g,1
White King Bibingka,1
White Chocolate Hazelnut90g,1
White Chocolate Caramel,1
White Cheddar240g,1
White Cheddar Value Pack305g,1
White Cheddar Halloween Treat Bags40 Each,1
White Cane sugar individually packed in 5g pouches. Each carton contains 100 x 5g,1
White Aolly Biscuit Miniature Decorative Gift with Cookies for 1/12 Scale Dollhouse,1
White & Dark1.5kg,1
Whipped Plain cream cheese,1
Whipped Butter,1
While Chocolate Mocha828 Millilitre,1
Wheat rusk,1
Wheat Wrap,1
Wheat Baguette,1
West Indian style hot sauce,1
West Coast Style100g,1
Welch¡¯s? Fruit Snacks MF 10ct,1
Welch¡¯s Premium Juice Ice Bars Family Pack - 32 x 40ml,1
Weight 326g,1
Weight - 383g,1
Weekly Deals,1
Weekend Tamari550g,1
Wednesday Cereal 227Gx10,1
Wedding Bridal Pearl White,1
Wedding Bridal Pearl Pink,1
Wedding Bridal,1
Wavy Salt & Vinegar - Family Size220g,1
Wavy Original Lightly Salted - Family Size235g,1
Wavy Original Halloween Treat Bags Pack40 Each,1
Wavy Original - Value Size415g,1
Wavy Original - Family Size235g,1
Wavy Cheddar & Sour Cream - Family Size220g,1
Watson Frozen Shrimp Dumpling Ball-Small Bag,1
Watson Frozen Shrimp Ball-Small Bag,1
Watson AC Frozen Steamed Rice Roll with Prawns,1
Watson AC Frozen Crispy Fried Dough Sticks,1
Watkins Madagascar Bourbon Pure Vanilla Extract - 1 Each - 2 Fz,1
Waterproof compartment combination seasoning can with four compartments and lid household kitchen seasoning rectangular seasoning box.,1
Watermelon355 Milligram,1
Watermelon315g,1
Watermelon15.6g,1
Water Water Water Outer Zdhf Water Filter Water Leeofty Mewmewcat,1
Water Pump Housing Replacement For Tohatsu Outboard 4hp 5hp 6hp 2 4 Stroke Engine 369650161,1
Washable Coffee Filter with Wood Handle Coffee Filter for 100mm,1
Wasabi Ranch Salad Dressing,1
Wasabi & Soy Sauce Flavour170g,1
Warhead Lillipops,1
Warehouse Pack850g,1
WarHeads,1
Wannabeez? Peppers 2.5lb Polybag,1
Wall White Light,1
Wall Hanging NWoven Gnome Decor Advent Red,1
Walkerswood Spicy Jamaican Marinade Jerk,1
Walkers Milk Chocolate Eclairs 150g,1
Walden Farms - Calorie Free Pancake Syrup - 12 fl. oz.,1
Wal-mart Deals Kttectoa Kitchen Pot And Seasoning Bottle Sea Pepper Powder Telescopic Seasoning Can Spoon Cover Integrated Deals Centre,1
Wal-mart Deals Dianli Children's Donut Inflatable Stick Party Lollipop Decoration Props Cartoons Creatives Inflatable Stick Flash Deals,1
Wahaha Strawberry Yogurt Drink,1
Wahaha AD Soft Drink,1
Wagh Bakri Tea Instant Masala 3-in-1 140g,1
Wagh Bakri Tea Instant Ginger 3-in-1 140g,1
Wagh Bakri Tea Instant Cardamom 3-in-1 140g,1
Wafer Belgian Lemon,1
Wafer Belgian Chocolate,1
WW? 100% Whole Wheat Tortillas,1
WW RICE CRACKER SHELLY SENBEI,1
WW Jerk Marinade,1
WREESH Easter Lovely Rabbit Tea Bag Hanging Fixed Tea Bag Fixed Tea Bag Tea Cup Wall Decoration Rabbit Differentiator Clearance,1
WHT SHELLS VEGAN CH,1
WHT BSMT RICE,1
WHITE LOTUS PASTE MOONCAKE W EGG YOLK,1
WHITE GLUTINOUS RICE,1
WHITE CHEDDAR,1
WHITE CASTLE BUTTER COOKIES,1
WHITE BEAN CHILI,1
WB WINE GUMS,1
WB SOUR TOTS,1
WB JUST MALLOWS,1
WATKINS WAT RB DEC SPRINK,1
WATKINS WAT AST FOOD COL 4PK,1
WANT WANT SENBEI RICE CRACKER,1
WAGH BAKRI PREMIUM BLACK TEA BAG 200G (100s),1
WAFERS,1
WAFER VANILLA,1
WAFER LEMON,1
WAFER COFFEE,1
WAFER CHOCOLATE,1
Volume/Quantity-660g,1
Volume/Quantity-520g,1
Volume/Quantity - 75g,1
Volume/Quantity - 70g,1
Volume/Quantity - 568g/24,1
Volume/Quantity - 560ml/8 x 70ml,1
Volume/Quantity - 50g,1
Volume/Quantity - 450ml x 24/Case,1
Volume/Quantity - 40g,1
Volume/Quantity - 38g,1
Volume/Quantity - 35g,1
Volume/Quantity - 28g,1
Volume/Quantity - 260g,1
Volume/Quantity - 227g/12,1
Volume/Quantity - 20g,1
Volume/Quantity - 19g,1
Volume/Quantity - 175g,1
Volume/Quantity - 145g,1
Volume/Quantity - 142g,1
Volume/Quantity - 120g,1
Volume/Quantity - 12/300g,1
Volume/Quantity - 110g,1
Volume/Quantity - 100g,1
Volume-560ml/8x70ml,1
Volume-270ml/9x30ml,1
Volume 255g,1
Volume 1.20kg,1
"Vodka Marinara Sauce 26 oz.
and chicken dishes.
Smooth and flavorful authentic marinara sauce.
Go Italian with Gefens delicious vodka sauce.
All Natural.
Gluten Free.
",1
,
Vitasoy Malt Drink,1
Vitala Free Run Omega-3 Large Eggs,1
Vita Eggs Vegetarian Diet Large White Eggs,1
Vita Eggs Omega-3 Large White Eggs,1
Vita Eggs Free Run Large Eggs,1
Visland 100 Pcs Tea Bags Fine Mesh Drawstring Closure Disposable Tea Filter Bag for Loose Leaf Tea And Coffee,1
Visland 1 Set Practical Heat-resistant Coffee Capsule Cup Reliable Leakproof Plastic Coffee Holder Capsule for Home,1
Vintage Bicycle Clock Battery Operated Double-sided Table Clock with Mute Motor Multifunctional Bicycle Table Quartz for Home Desk Decoration,1
Vinegar Balsamic of Modena,1
Villaggio? Artesano? Classic White Baguettes,1
Villaggio Artesano? White Sourdough Sliced Bread,1
Viflosae up to 60% off Gifts Wooden Advent Calendar Party Chocolate Frame Decoration Wooden Advent Calendar Deals on toys,1
Viflosae up to 60% off Gifts Printed Kitchen Oil Barrier High Temperature Aluminum Foil Oil Baffle Save more on weekly flyer features,1
Viflosae up to 60% off Gifts Merry LED 7 Color Changing Christmas Tree Table Party Decor Toy Toys-up to 60% off,1
Viflosae up to 60% off Gifts Halloween Skull Cup Pinch Music Decoration Props Vent Decompression Spoof Tricky Decompression Coupon Centre,1
Viflosae up to 60% off Gifts Cup-Shaped Coffee Pod Storage Rack For Counter Coffee Bar Save with exciting events,1
Viflosae up to 60% off Gifts 2024 Christmas Advent Calendar Puzzle Advent Calendar Puzzle 1000 Piece 2024 Christmas Calendar Male And Female Santa Claus Gift Puzzle Hottest Deals on tech,1
Viflosae Up to 40% off 10 Popsicle Diy Ice Cream Ice Cream Prime Day Deals 2024 Canada,1
Viflosae Todays Deals Clearance Sales Ice Cream With Lid Popsicle Summer Ice Cream Up to 40% off,1
Viflosae Shower Nozzle Garden Shower Kettle Nozzle Flower Watering Kettle Large Shower Head Stainless Steel Plastic Nozzle Save 15% on pets,1
Viflosae Savings Christmas Lighted Ornaments Santa Snowman Wooden Christmas Night Light Savings,1
Viflosae Savings 1Pc Christmas Toys Glowing Llittle Snowman Christmas Tree Pendant Ornaments Back to savings,1
Viflosae Prime Deals 10 Popsicle Diy Ice Cream Ice Cream Deals of the Day Clearance Prime,1
Viflosae Prime Day Deals 2024 Canada 10 Popsicle Diy Ice Cream Ice Cream Deals of the Day Clearance Prime,1
Viflosae Home Baking Bee Rice Cake Model Critter Cake Model Top School picks on Rollback,1
Viflosae Home Baking Bee Rice Cake Model Critter Cake Model Save with exciting events,1
Viflosae Halloween Home Skeleton Decoration Resin Ornament New Skeleton Pumpkin Crafts Gifts Three Piece Pumpkin Skeleton Set Save 15% on pets,1
Viflosae Dwarf Welcome Garden Outdoor Balcony Welcome Decoration Cute Courtyard Decoration Save with exciting events,1
Viflosae Deals of the Day Clearance Prime Ice Cream With Lid Popsicle Summer Ice Cream Deals Flyer,1
Viflosae Deals of the Day Clearance Prime Double Layer Candy And Dried Fruit Rotating Design Dessert Deals Flyer,1
Viflosae Coffee Filter Cup Drip Cup Hand-brewed Coffee Cup Drip Filter Coffee Filter Cup For Hiking Camping Home Office Save 5% on household supplies,1
Viflosae Coffee Cup Filter Screen Double-layer Portable Hand Brewed Coffee Folding Ear Filter Drip Coffee Coffee Cup Stationery on Rollback,1
Viflosae Coffee Cup Filter Screen Double-layer Portable Hand Brewed Coffee Folding Ear Filter Drip Coffee Coffee Cup Clearance,1
Viflosae Clearance Paper Carrier Bags With Flat Handles Pack Of 100 Brown 15 X X 8 Cm WOW finds,1
Viflosae Clearance Kitchen Pot And Seasoning Bottle Sea Pepper Powder Telescopic Seasoning Can Spoon Cover Integrated Deals on home,1
Viflosae Clearance Home Baking Bee Rice Cake Model Critter Cake Model for Indoor/Outdoor,1
Viflosae Clearance Coffee Cup Filter Screen Double-layer Portable Hand Brewed Coffee Folding Ear Filter Drip Coffee Coffee Cup Rollback,1
Viflosae Clearance Cheese Cream Cake Cheese Cheese Shape Holiday Gift Finder,1
Viflosae Christmas Wooden Train Santa Claus Festival Ornament Home Decor Kids Gifts All flyers & lookbooks,1
Viflosae Christmas Wooden Door Hanging Christmas Decorations Hotel Welcome Pendant Faceless Dwarf Doll Door Hanging Holiday Deals,1
Viflosae Christmas Diy Gift Box Countdown Paper Bag Box With 24 Digital Sticker Paper Box Advent Calendar Box Stationery on Rollback,1
Viflosae Christmas Decoration Rattan Electroplating Wreath Wall Hanging 18.5 Inch Outdoor Home Doorway Stair Decoration Christmas Gift Clearance,1
Viflosae 2pcs Stainless Steel Coiler Knife Cucumber Coiler Tool for Indoor/Outdoor,1
Very high source of fiber... & Tasty!,1
Very Dark375 Millilitre,1
Verka Unrefined Cane Sugar Blocks,1
Verka Sugar Rewdi,1
Verka Pure Desi Ghee Clarified Butter Bulk 1.6 kg/3.5lbs BULK PACK,1
Verka Pure Desi Ghee Clarified Butter Bulk 1.6 kg/3.5lbs BULK (6/CASE),1
Verka Pure Desi Ghee Clarified Butter Bulk 1.6 kg/3.5lbs BULK,1
Verka Pure Desi Ghee Clarified Butter Bulk 1.6 kg/3.5lbs,1
Verka Peanut Gachak,1
Verka Gur Rewdi,1
Verka Frozen Methi,1
Verka Frozen Karela,1
Verka Frozen Cut Okra,1
Vergnano Napoli Capsules,1
Vergnano Cremoso Capsules,1
Vergnano Arabica Capsules,1
Veggies Straws,1
Veggie Turkey,1
Veggie Straws,1
Veggie Sausages,1
Veggie Sausage,1
Veggie Puffs,1
Veggie Pepperoni,1
Veggie Meatballs,1
Veggie Dogs,1
Veggie Chicken Nuggets,1
Veggie Bologna,1
Veggie Bacon Strips,1
Veggie Appetizers,1
Vegetable148g,1
Vegetable Oil,1
Vegetable Ghee,1
Vegetable Flavour85g,1
Vegetable Cutter Vegetable Cutter Slicer Multifunctional Round Potato Cheese Slicer Kitchen Supplies (green)(1pcs),1
Vegetable Chow Mein,1
Vegetable Base Bouillon Seasoning,1
Vegan340g,1
Vegan Plant Based Peaches,1
Vegan Plant Based Cola Gummies,1
Vegan Plant Based Bears,1
Vegan,1
Vega - Sport - Plant-Based Hydrator | Multiple Flavours,1
Veeba pasta & Pizza - NONG,1
Veeba Tandoori veginnaise eggless,1
Variety651g,1
Variety PackRaspberry-Pomegranate / Key Lime / Vanilla / Strawberry BananaBlended 2% M.F.100g,1
Variety Pack980g,1
Variety Pack576g,1
Variety Pack30 Each,1
Variety Pack28 Each,1
Variety Pack24 Each,1
Variety Pack12 Each,1
Variety Pack 500g,1
Variety Bars12 Each,1
Variety 20 Pack1 Each,1
Vanillin Sugar artificially flavoured,1
Vanilla6 Each,1
Vanilla500g,1
Vanilla44g,1
Vanilla4 Each,1
Vanilla300g,1
Vanilla250g,1
Vanilla240g,1
Vanilla150g,1
Vanilla Unsweetened650g,1
Vanilla Paste,1
Vanilla M&M,1
Vanilla Low Fat Yogurt,1
Vanilla Ice Cream,1
Vanilla French ToastBulk1 Each,1
Vanilla Flavoured625g,1
Vanilla Flavoured380g,1
Vanilla Flavour625g,1
Vanilla Extract,1
Vanilla & Black Pepper150g,1
Vanderwees Farms Large White Eggs,1
Vampire 175g,1
Value Size275g,1
Value Pack907g,1
Value Pack14 Each,1
Value Pack1.06kg,1
Valley Selections Whole Green Bean 500GR,1
Valley Selections Stir Fry Med,1
Valley Selections Savoury Garlic Pasta With Vegetables 500GR,1
Valley Selections Japanese Mix 500GR,1
Valley Selections Essentials Seasoned Asian Blend 400GR,1
Valley Selections Cut Broccoli 500GR,1
Valley Selections Cheddar Pasta With Vegetables 500GR,1
Valley Selections Baby Blend 400GR,1
Valley Selection California Mix 500GR,1
Val Fan,1
Vachon Sandwich Snack Cakes,1
Vachon Apple-Raspberry flavour Pastry,1
VRK MUSTARD OIl,1
VRK CLASSIC BSMTRICE,1
VRK BESAN FLOUR,1
VONKY Wide Application Steel Salad Practical Salad Dressing Cups Wide Well light green lid 5Set,1
VONKY Manual Cake Airbrush Pump Cake Coloring Duster Cake Decorating Tools Icing Coloring Tool for Family Store No.1,1
VONKY Filter Mesh Coffee Basket Powder Strainer Long Handle Stainless Steel Rustproof Multipurpose Handily Gripped Filtering Net Type 7,1
VONKY Filter Mesh Coffee Basket Powder Strainer Long Handle Stainless Steel Rustproof Multipurpose Handily Gripped Filtering Net Type 6,1
VONKY Filter Mesh Coffee Basket Powder Strainer Long Handle Stainless Steel Rustproof Multipurpose Handily Gripped Filtering Net Type 4,1
VONKY Filter Mesh Coffee Basket Powder Strainer Long Handle Stainless Steel Rustproof Multipurpose Handily Gripped Filtering Net Type 1,1
VONKY Birthday cake with card balloons,1
VIOLIFE VIOLIFE TEX MEX SHRD 200GM,1
VIOLIFE VEGAN MOZZA SHREDS 200g,1
VIOLIFE VEGAN CHEDDAR SHRED 200g,1
VILLAGE DELIGHT SHREDDED PORK-CRISP,1
VERKA SUGRAIN ICING SUGAR,1
VERKA SUGRAIN GLDN YELLOW,1
VERKA ROASTED PEANUTS,1
VERKA DESI GHEE-CLARIFIED BUTTER 3KG X 1,1
VEGETABLE NDLES SOUP,1
VEG BOL SAUCE,1
V8 SPICY,1
Utz Cheeseballs,1
Usmixi Tax Free Weekend Tea Pet,1
Ushia Premium Roasted Seaweed Extra Virgin Olive Oil 6pk 30g,1
Up to 95% off Gifts Xihbxyly Rose Flower Ice Cocktail Mix Ice Rose Flower 4 With Ice Tray Holiday Gift Finder,1
Up to 60% off Gifts onlyliua 304 Stainless Steel Coffee Mug With Lid Thermal Insulation Outdoor Portable Comfortable Handle Heat And Cold Available Clearance Items,1
Up to 60% off Gifts Viflosae Sunglasses Storage Box Wall Glasses Box Storage Box Stick On Floating Shelf Wall Hanging No Drilling Hottest Deals,1
Up to 60% off Gifts Viflosae Household Round Fruit Snacks Sugar Biscuits Striped Fruit Melon Fruit Deals on household supplies,1
Up to 60% off Gifts Viflosae 2Pcs Plastic Fondant Cutter Cake Cupcake Tools Decorating Hottest Deals,1
Up to 60% off Gifts Viflosae 100pc Halloween Cookies Nougat Snowflake Crisp Fruit Bag Ghost Party Gift Ziplock Bag Goodie Bag Stationery on Rollback,1
Up to 60% off Gifts Dianli Wood For And Grilling 8 Natural Flavors Of Walnut And Wood Chips Perfect For Bbq Meat Pork Chicken And Whis Seasonal Markdowns,1
Up to 60% off Gifts Dianli Wood For And Grilling 8 Natural Flavors Of Walnut And Wood Chips Perfect For Bbq Meat Pork Chicken And Whis Holiday Gift Finder,1
Up to 60% off Gifts Dianli Tea Filter Deals of the Day,1
Up to 60% off Gifts Dianli Popsicle Holders Bags Reusable Washable Ice Popsicle Holders 10pc Summer Clearance,1
Unsweetened750 Millilitre,1
Unsweetened6 Each,1
Unsweetened340g,1
Unsweetened1.75 Litre,1
Unsweetened1 Litre,1
Unsweetened Vanilla1.75 Litre,1
Unsweetened Plain650g,1
Unsweetened Applesauce,1
Unsalted800g,1
Unsalted250g,1
Unsalted 0g Trans-Fat Mehadrin Margarine,1
Unripened Goat's Milk Cheese 113g,1
Unpeeled335g,1
Unisex Double Pocket Washed Canvas Apron Kitchen Garden Work Wear - Creative,1
Unique Bargains 2pcs Flower Metal Hair Claw Clip for Women Cute Claw Clip Non-Slip Fashion Hair Accessories Yellow,1
Unicorns156g,1
Unicorn Toots Ice Cream,1
Unico White Wine Vinegar 500ml,1
Unico White Balsamic Vinegar 500ml,1
Unico Red Wine Vinegar 500ml,1
Unico Pepperoncini 750ml,1
Unico Balsamic Vinegar of Modena 500ml,1
Unfiltered750 Millilitre,1
Uncooked,1
Uncap Real Flavour,1
Unbleached2.5kg,1
Unbleached10kg,1
Unatoiry White Reusable Marinade Compact And Portable For Flavorful Meals BBQ Meat As Shown 1Set,1
Unatoiry Gourd Decor Symbol Of Happiness And Luck Handmade Gourd Decoration For Home Food Grade Drinks 250ml 13-15cm 3Set,1
Unatoiry Gourd Decor Symbol Of Happiness And Luck Handmade Gourd Decoration For Home Food Grade Drinks 250ml 13-15cm 2Set,1
Unatoiry Gourd Decor Symbol Of Happiness And Luck Handmade Gourd Decoration For Home Food Grade Drinks 250ml 13-15cm 1Set,1
Unatoiry Efficient Snack Box Container For Quick And Easy Snacking Multifunctional rotatable,1
Unatoiry Coffee Filter Screen Filter Mesh Professional Machine Accessories Coffee for 58.5mm 2mm Thick 3Set,1
Unatoiry Coffee Filter Screen Filter Mesh Professional Machine Accessories Coffee for 58.5mm 2mm Thick 1Set,1
Unatoiry Coffee Filter Screen Filter Mesh Professional Machine Accessories Coffee for 58.5mm 1mm Thick 3Set,1
Unatoiry Coffee Filter Screen Filter Mesh Professional Machine Accessories Coffee for 53.5mm 2mm Thick 3Set,1
Unatoiry Coffee Filter Screen Filter Mesh Professional Machine Accessories Coffee for 53.5mm 2mm Thick 2Set,1
Unatoiry Coffee Filter Screen Filter Mesh Professional Machine Accessories Coffee for 51mm 1mm Thick 1Set,1
Unatoiry Coffee Filter Household Accessories Detachable Drink Strainer Kitchenware Cloth Filters Wood Handily Gripped Filtering Bag 100mm 1Set,1
Una bolsa de peluches pud¨ªn juguetes bolas de galletas animaci¨®n japonesa Sumikko Gurashi Sakura conejito frutas aguacate pl¨¢tano caramelo bolsa de regalo,1
Ultra Watermelon473 Millilitre,1
Ultimate combo of Peanut Butter & Strawberry Spread.,1
Uklsqma Coffee Beans Coffee Powder Dry Goods Sealed Container 304 Stainless Steel Sealed Storage Tank,1
USSUMA Wal-mart Deals Whisk Home Creamer Automatic Creamer Creamer Home Coffee Stirrer Frother Todays Deals Clearance Sales,1
USSUMA Wal-mart Deals Ice Cream Food Grade Home Children's Homemade Ice Cream Refrigerator Popsicle Popsicle Ice Cream Popsicle Deals of the Day Clearance Prime,1
USSUMA Wal-mart Deals Christmas Tree Dried Fruit Tray Household Snack Tray Plastic Candy Tray Melon Seed Tray Fruit Dried Fruit Box Deals of the Day Clearance Prime,1
USSUMA Up to 90% Off Popsicle Holders Bags Reusable Washable Ice Popsicle Holders 10pc Deals of the Day Clearance Prime,1
USSUMA Up to 90% Off Ice Cream Popsicle Popsicle Ice Cream Home Popsicle Box DIY Ice Deals of the Day Clearance Prime,1
USSUMA Up to 90% Off Ice Cream Food Grade Home Children's Homemade Ice Cream Refrigerator Popsicle Popsicle Ice Cream Popsicle Wal-mart Deals,1
USSUMA Up to 90% Off Ice Cream Food Grade Home Children's Homemade Ice Cream Refrigerator Popsicle Popsicle Ice Cream Popsicle Deals of the Day Clearance Prime,1
USSUMA Up to 90% Off Home Made Ice Cream Set Box For Making Ice Cream Ice Cream Ice Cream Children's Ice Cream Stick Ice Cream Stick Wal-mart Deals,1
USSUMA Up to 90% Off Double Layer Candy And Dried Fruit Rotating Design Dessert Todays Deals Clearance Sales,1
USSUMA Up to 90% Off Aviation Modeling Popsicle Home-Made Children's Popsicle Ice-Cream Ice-Cream Deals of the Day Clearance Prime,1
USSUMA Up to 90% Off Angel Boy Harp Acrylic Disc Pendant Home Wall Decor Chain Pendant Porch Decoration Deals of the Day Clearance Prime,1
USSUMA Up to 90% Off 4 Hand-held Popsicles With Transparent Self-made Ice Cream With Lid Deals of the Day Clearance Prime,1
USSUMA Tools For Making Sushi Molds 3 Piece Suit Seaweed Seaweed Rice Wrapping Grinding Tool Rice And Vegetable Roll Rice Wrapping Material Sushi Artifact Todays Deals Clearance Sales,1
USSUMA Todays Deals Clearance Sales Christmas Tree Dried Fruit Tray Household Snack Tray Plastic Candy Tray Melon Seed Tray Fruit Dried Fruit Box Deals of the Day Clearance Prime,1
USSUMA Todays Deals Clearance Sales Aviation Modeling Popsicle Home-Made Children's Popsicle Ice-Cream Ice-Cream Wal-mart Deals,1
USSUMA Deals of the Day Clearance Prime Whisk Home Creamer Automatic Creamer Creamer Home Coffee Stirrer Frother Todays Deals Clearance Sales,1
USSUMA Deals of the Day Clearance Prime Home Baking Bee Rice Cake Model Critter Cake Model Wal-mart Deals,1
USSUMA Deals of the Day Clearance Prime Cream Horn Model Stainless Steel Roll Flared Danish Croissant Model Todays Deals Clearance Sales,1
USSUMA Deals of the Day Clearance Prime Angel Wall Christmas Decorations Angel Allegory Home Wall Decor Chain Hanging Porch Decoration Wal-mart Deals,1
USSUMA Deals of the Day Clearance Prime 4 Popsicle Diy Ice Cream Ice Cream Todays Deals Clearance Sales,1
USSUMA Deals of the Day Clearance Prime 100pcs Empty Teabags String Heat Filter Paper Herb Loose Tea Bag Wal-mart Deals,1
USSUMA Chopper Portable Vegetable Chopper 250ml 3 Blades USB Rechargeable Suitable For Ginger Chilli Vegetables Meat Spices Beans Etc Home Camping Travelling Deals of the Day Clearance Prime,1
USED IN SPICY DISHES,1
ULKER TEA BISCUIT,1
ULKER HALLEY BISCUIT,1
UCC Original Blend Coffee,1
U15 size,1
Two-Bite Vanilla Mini Cupcakes,1
Two-Bite Salted Caramel Cookies,1
Two-Bite Minion Cupcakes,1
Two-Bite Holiday Brownies,1
Two-Bite Brownie & Cake Bites,1
Two steaks (500g),1
Two simple ingredients; eggs and milk meet in this delicious cookie that melts in your mouth,1
Two Good Cherry Yogurt,1
Twinkle Swirled Frosting Blue & White- 160g,1
Twinkle Swirled Frosting - Pink & White,1
Twinkle Sprinkles Triplet Silver Holiday 205g,1
Twinkle Food Colouring- Original 4x10ml,1
Twinkle Dessert Toppers- Salted Caramel Candy Crumbs - 100g,1
Twinkle Dessert Toppers- Chocolate Monkey Syrup 450ml,1
Twinkle Dessert Toppers - Tropical Sprinkle Mix (Choco Sprinkle Mix) -100g,1
Twinkle Dessert Toppers - Strawberry Shortcake Syrup 450ml,1
Twinkle Dessert Toppers - Mini Dehydrated Marshmallows 85g,1
Twin Pack2.5kg,1
Tuscanini Vinegar Balsamic of Modena,1
Tuscanini Jar - Tomatoes Crushed,1
Tuscan Style375g,1
Turn up the heat on the grill.,1
Turky Hill Strawberry/ Kiwi/ Lemon,1
Turkey Submarine,1
Turkey Ready Pre Seasoned Stuffing Loaf,1
Turkey Bacon,1
Tunnocks Snowballs 12x4,1
Tunisian Harissa Du Capbon 380g,1
Tunisian Harissa Du Capbon,1
Tuna Salad Wedge,1
Tuna Salad Quinoa & OO 160g,1
"Tuna & Peas
160g",1
,
Tube30g,1
Tube Waterproof Under Saddle Tube Waterproof Bike Saddle Tube Waterproof Under Quick,1
Truly Fruit Soft Jells,1
TruFru Nature's Raspberries Frozen Fresh in White & Dark Chocolate,1
TruFru Drk PB Bananas 6oz,1
Trousse ¨¤ cosm¨¦tiques Hello Kitty ma m¨¦lodie ¨¦tui de maquillage bo?te ¨¤ cosm¨¦tiques Sanrio ¨¤ la cannelle chien Pudding petite ¨¦toile double,1
Tropifrutti 175g,1
Tropicana Blackberry Blueberry Fruit Drink 1.54L Bottle,1
Triplet Sprinkles Let it Shine Mix,1
Triple Pack420g,1
Triple Berry570g,1
Triple Berry355 Millilitre,1
Trimmer Carburetor Set Sparking Plug Air Filter Fuel Line Gasket Accessories Weeder Carburetor Kit for STIHL FS120,1
Trimmer Carburetor Accessory Trimmer Carburetor Compatible Husqvarna 243r 243rj 543rbk 543rbx 543rs 543ae,1
Trensit¨¦ Whole MP 500g,1
Trecce Dellorto454g,1
Treat Bx Lg,1
Treat Bags 10-Count,1
Travel Mirror Bath Room Home Shower Makeup Tool Rwvbm,1
Transparent,1
Transemion Coffee Filter Household Accessories Drink Strainer Professional Takedown Design Kitchenware Cloth Filters Filtering Bag 100mm 1Set,1
Transemion 100/200pcs Square Sweets Chocolate Candy Package Foil Paper Wedding Party Favors purple,1
Transemion 100/200pcs Square Sweets Chocolate Candy Package Foil Paper Wedding Party Favors gold,1
Transemion 100/200pcs Square Sweets Chocolate Candy Package Foil Paper Wedding Party Favors blue,1
Transemion 1/2/3/5 Gold Foil Leaf Festival Cake Dessert Pastry Candy Flakes Bakery Bar Food Dishes Tea Drink Decoration DIY Craft Silver 3PCS,1
Transemion 1/2/3/5 Gold Foil Leaf Festival Cake Dessert Pastry Candy Flakes Bakery Bar Food Dishes Tea Drink Decoration DIY Craft Silver 1 Pc,1
Trail Mix Fruit & Nut5 Each,1
Trail Mix Fruit & Nut175g,1
Trail Mix Coconut Dark Chocolate5 Each,1
Trail Mix Coconut Dark Chocolate160g,1
Trail Hopper4 Each,1
Tradiz Spinaci Ric,1
Tradiz Special,1
Tradiz Salame Rom,1
Tradiz Mozz Pesto,1
Traditional flatbread,1
Traditional Spanish Flavour,1
Traditional Indian dessert,1
Tradition Spark. apple juice 750ml,1
Tradition Spark. Raspberry lemonade 750ml,1
Tradition Spark. Pear 750ml,1
Tradition Spark. Apple Cranberry juice 750ml,1
Tote Insert Organizer Drawstring Net Sack Basketball Storage Bag Football Mesh Bag Holder,1
Tortilla Chips,1
Torani Brown Sugar Cinnamon Flavoring Syrup Plastic 750ml Bonus Squeeze Pump,1
Toppers Veggie Medley Mix GF KPY,1
TopLLC Cream Horn Model Stainless Steel Roll Flared Danish Croissant Model croissant pastry mold,1
TopLLC Coffee Filter Cup Drip Cup Hand-brewed Coffee Cup Drip Filter Coffee Filter Cup For Hiking Camping Home Office Coffee Cup,1
Top Savor Egg roll-original Flavor,1
Top Savor Egg roll-Sesame Flavor,1
Tonnelli - Dressing Balsamic Vingrtt - Case of 12-16 FZ,1
Tomato soup less sodium,1
Tomato Tango165g,1
Tomato Paste,1
Tomato Basil680 Millilitre,1
"Tomato Basil Marinara Sauce 26oz.
and chicken dishes.
Smooth and flavorful authentic marinara sauce.
All Natural.
Gluten Free.
",1
,
Tomato & Pesto Pasta Sauce,1
Tomato & Mozzarella185g,1
Tomato,1
Tofu Smooth,1
Toffees Cream Filled Tropical 25pk,1
Toffees Cream Filled Sour 25pk,1
Toffees Cream Filled Original 25pk,1
Tofette500g,1
Toddler Baby Boy Girl Fall Clothes Solid Turtleneck Knit Long Sleeve Sweater Pullover Winter Warm Tops Oufits Coffee 7-8 Years,1
Tob Choc cake,1
Tnuva Swiss Light Sliced Cheese,1
Tipiak Couscous 1kg,1
Tim Hortons Apple Fritter Ice Cream 500ml,1
Tilda Lime & Cilantro,1
Tilda Basmati Rice 2lb (907g),1
Tilapia KPY,1
Tikka Masala55g,1
Tikka Masala Chips220g,1
Three Goats Milagrosa Jasmine Rice,1
Three Cheese6 Each,1
Three Cheese Tortellini Rainbow900g,1
Thomas Croissant Loaf,1
"This is a refreshing infusion of cranberries which are known to help prevent and to treat infection of the urinary tract. The essence of the cranberries gives the infusion a delicate sourness and a deep red color.
Kosher Parve For Passover and all year round OU-P
Box ",1
,
This is a blend of choice black tea perfumed with the fragrance of Bergamot. The bergamot is a citrus fruit and from its peel an aromatic oil is produced which provides the marvelous taste and aroma of Earl Grey Tea. The tea is named after the British Earl Charles Grey who was the first person to mi,1
"This Wissotzky tea contains vitamin C and has a lemon flavor which is naturally slightly sour.
Kosher
Made in?Israel
Box of 25 tea bags
* Kosher For Passover and All Year Round",1
,
Thinsony Seal Well Salad Dressing Cups For Leak-proof Transport Of Sauces And Dressings Wide Application purple lid 5Set,1
Thinsony Seal Well Salad Dressing Cups For Leak-proof Transport Of Sauces And Dressings Wide Application purple lid 2Set,1
Thinsony Seal Well Salad Dressing Cups For Leak-proof Transport Of Sauces And Dressings Wide Application purple lid 1Set,1
Thinsony Seal Well Salad Dressing Cups For Leak-proof Transport Of Sauces And Dressings Wide Application Yellow lid 2Set,1
Thinsony Seal Well Salad Dressing Cups For Leak-proof Transport Of Sauces And Dressings Wide Application Pink lid 5Set,1
Thinsony Seal Well Salad Dressing Cups For Leak-proof Transport Of Sauces And Dressings Wide Application Pink lid 3Set,1
Thinsony Seal Well Salad Dressing Cups For Leak-proof Transport Of Sauces And Dressings Wide Application Green lid 1Set,1
Thinsony Seal Well Salad Dressing Cups For Leak-proof Transport Of Sauces And Dressings Wide Application Blue lid 2Set,1
Thinsony Seal Well Salad Dressing Cups For Leak-proof Transport Of Sauces And Dressings Wide Application Blue lid 1Set,1
Thinsony Seal Well Salad Dressing Cups For Leak-proof Transport Of Sauces And Dressings Wide Application 70ml*6 packs (bags) 2Set,1
Thinsony Replace Every 3 Months For Clean Water Coffee Filter For Best Results Impurities Filter For Coffee light blue,1
Thin-shaped spicy snack,1
Thick Cut375g,1
Thick & Rich Roasted Garlic & Herbs680 Millilitre,1
Thick & Rich Four Cheese680 Millilitre,1
"The wild fruits give the tea a pleasant and unique sweetness. Passion fruit is known for promoting a relaxing sleep and for imparting a pleasant feeling throughout the day. The combination of passion fruit with green tea gives the drink an exotic taste and aroma.
Kosher Parve For",1
,
The taste you crave.,1
"The perfect hot meal when you need it instantly!
No MSG Added
Super Kid Friendly
Great for travel
Parve",1
,
The original brown sauce,1
"The mint leaves are good for the digestion and they add to the green tea a fresh and charming taste.?
Naturally flavored using all natural ingredients.
Kosher Parve For Passover and all year r",1
,
"The mint gives the drink a pleasant vitality and facilitates the digestive process while the lemon adds a natural slight sourness as well as the delightful citrus taste and aroma.
Kosher Parve For Passover and all year round OU-P
Box of 20 individually wrapped tea bag",1
,
The delicious dairy-free alt to white chocolate.,1
The Red Edition Watermelon250 Millilitre,1
The Pilau Biryani 50Gm.,1
The O.G.240g,1
The Laughing Cow Light Processed Cheese Product,1
The Great Jamaican Spicy Ginger Beer,1
The French Oven Two Layer Eggless Black Forest Cake,1
The FREDDO Advent Calendar Caramel Sea Salt is a gourmet advent calendar that contains milk chocolates with a creamy caramel center and a touch of sea salt. The chocolates are individually wrapped to ensure their freshness and delicious taste.,1
The Coffee Grounds Receiver Container Fits 58mm 51-51mm Portable Coffee Filters,1
The Bakery White Yule Log,1
The Bakery White Kaiser Buns,1
The Bakery White Cake,1
The Bakery Red Velvet Cake,1
The Bakery Pretzel Buns,1
The Bakery Cookies & Cream Cake,1
The Bakery Chocolate Yule Log,1
The Bakery Chocolate Fudge Cake,1
The Bakery Chocolate Caramel Cake,1
The Bakery Chocolate Brownie Cake,1
The Bakery Carrot Cake,1
The Bakery Calabrese Buns,1
Thai Kitchen Red Curry Paste,1
Thai Kitchen Green Curry Paste,1
"Thai ""N"" Cashew Chop kit",1
Tex Mex100g,1
Tetley SGREEN-TROP,1
Tetley HERB-IMMUNE,1
Teriyaki80g,1
Tequila Lime150g,1
Teocary Printed Kitchen Oil Barrier High Temperature Aluminum Foil Oil Baffle Weekly flyer Summer Clearance Big Savings Fall Savings,1
Teocary Home Baking Bee Rice Cake Model Critter Cake Model Home Savings Summer Clearance Flyer Deals Big Savings,1
Teocary Home Baking Bee Rice Cake Model Critter Cake Model Deals Summer Clearance The Big Save up to 70% off,1
Teocary Home Baking Bee Rice Cake Model Critter Cake Model Big Savings Summer Clearance Deals The Big Save,1
Teocary Double Layer Candy And Dried Fruit Rotating Design Dessert Wal&mart Deals Winter Savings,1
Teocary DIY 4 Homemade Ice Cream Chocolate Candy With 20 Wooden Sticks Big Savings Summer Clearance The Big Save Weekly flyer,1
Teocary Christmas Advent Calendar Santa Claus Advent Calendar With 24 Days Pocket Christmas Countdown Hanging Ornaments For Home Office Door Wall Decoration Deals Summer Clearance Home Savings,1
Teocary Chopper Portable Vegetable Chopper 250ml 3 Blades USB Rechargeable Suitable For Ginger Chilli Vegetables Meat Spices Beans Etc Home Camping Travelling Summer Savings Summer Clearance,1
Teocary Cheese Cream Cake Cheese Cheese Shape Fall Savings! Winter Savings Halloween,1
Teddy Bear and Heart Cookie Decorating Kit,1
Tea Valley Royal Tea 900g,1
Tea Valley Royal Tea 450g,1
Tea Peppermint KPY,1
Tea Masala,1
Tea Green KPY,1
Tea Camomille KPY,1
Tea Anise,1
Tea Accessories Up to 50% Off ! Aqestyerly Silica Gel Tea Bag Tea Filter Silica Gel Tea Filter,1
Tea Accessories Reduced Price ! Aqestyerly Silica Gel Tea Bag Tea Filter Silica Gel Tea Filter,1
Tea Accessories Flash Deals! Aqestyerly Silica Gel Tea Bag Tea Filter Silica Gel Tea Filter,1
Tarami Brand Peach Flavoured Konjac Jelly Drink,1
Tarami Brand Mango Flavoured Konjac Jelly Drink,1
Tapioca4 Each,1
Tapioca Starch,1
Tangy Thai Salad Dressing,1
Tangy Ketchup200g,1
Tandoori Naan Plain,1
Tandoori Chicken Masala,1
Takis? Dragon Sweet Chili,1
Takis Hot Nuts Flare,1
Tajubo Fast Food Gummies 150g,1
Tajin Mild Hot Sauce,1
Taiwanese Sausage,1
Taiwanese Garlic Sausage,1
Taiwan Desert Red Bean Mochi,1
Taiwan Desert Milk Tea Mochi,1
Tahini Sesame Paste KPY,1
Tahini,1
Taco Oven Bake,1
Taboul¨¦ 350g,1
TYPICAL SALAMI FROM BARCELONA - SPAIN Qty - 60g,1
TWIZZLERS candy and JOLLY RANCHERS gummies.,1
TWINKLE GLITTER ICING GEL KT,1
TWINKLE BAKING DECOR FOOD COLOUR 4PACK NEON,1
TWINKLE 160G SWRL PINK & WHITE,1
TWINING RSBRYLMN 20S,1
TURMERIC PWD,1
TURKEY HILL PINK LEMONADE,1
TRIPLE BEAN CHILI,1
TPN ZS PCH 1.36,1
TOPOKKI PEPPER PASTE,1
TONKOTSU RAMEN NOOD,1
TOMATO SAUCE,1
TNUVA LIGHT SL. 2PK,1
TMM Wafer Sticks Banana & Strawberry,1
TL SP. RELAXING TEA,1
TKN CRISPY SEAWEED ORIGINAL FLAVOUR,1
TKN BIG ROLL GRILLED SEAWEED ORIGINAL FLAVOUR,1
TINGYI Reusable Coffee Capsule Pod Filter Cups Set With Spoon Brush For Dolce Gusto2 PAKCS 2 PAKCS,1
TIM HORTONS VANILLA DIP CREAMER,1
TIM HORTONS TH NCC LUNGO,1
TIM HORTONS TH NCC DECAF,1
TIM HORTONS TH NCC BRIGHT,1
TIM HORTONS DOUBLE DBL CREAMER,1
TILDA RTH JASMINE 250G,1
TILDA GOLDEN SELLA,1
THIN,1
THE SECRET INGREDIENT IN ANCIENT INDIAN KITCHENS,1
THE ORIGINAL SWEET & SALTY CRACKERS,1
THE MIX SOUR,1
THE KIMCHI,1
TH WHOLE BEAN 907G,1
TH SSLT PT CRSP CRCKR 247GMX12,1
TH SPICY BEEF CHILI,1
TH MUSHROOM,1
TH ITAL HERB CRCKR 12GMX247,1
TH GRANOLA CAF?MOCHA,1
TH Boston Cream Granola Bar 5 Pack,1
TG SALTED BROAD BEAN,1
TF Glz Ch Mshd Pto,1
TF Cajn Chkn Fet Alf,1
TETlEY lIVE BAl,1
TETLEY LIVE HAPPY,1
TETLELY EG VAN 48,1
TERRA DElYSSA PREMIUM EXTRA VIRGIN OlIVE OIl,1
TEJ PATTA,1
TDJ Mochi,1
TB Fleur-de-lys Cupcakes,1
TAZO WILD SWT ORANGE,1
TAZO LONDON FOG CONC,1
TATATEABAGS-220CT,1
TATA TEA PREM-900G,1
TATA TEA MASLA-50CT,1
TATA Punjabi Chole Masala 100g,1
TATA Paneer Masala,1
TATA Meat Masala,1
TATA Kitchen King,1
TATA Garam Masala 100g,1
TATA Garam Masala,1
TATA Dal Tadka Masala 100g,1
TATA Chicken Masala,1
TAQUERA SAUCE,1
TAPAL 220 ROUND,1
TANDOORI/BBQ MASALA,1
TAKIS? Xplosion Zesty Nacho,1
TAKIS? Fuego Spicy Chili Pepper and Lime,1
TABASCO SWEET AND SPICY SAUCE SQ,1
TABASCO SRIRACHA,1
TABASCO BUFFALO SAUCE SQUEEZE,1
Syrup Salted Dark Chocolate SF,1
Syrup Gingerbread SF,1
Syrup Date KPY,1
Syrup Cookies SF,1
Synear Rice Dumpling Red Date,1
Swiss220g,1
Swiss Sliced Cheese,1
Swiss Cheese180g,1
Sweety Toffees Cream Filled Tropical 25pk 340g,1
Sweetened625 Millilitre,1
Sweetarts Ropes Rainbow,1
SweetMixed Coloured908g,1
Sweet100g,1
Sweet made with coconut,1
Sweet and Spicy snack,1
Sweet and Spicy BBQ Sauce,1
Sweet and Salty Snack,1
Sweet Sixteen Vegan Candy - 350g format,1
Sweet Sixteen Sour Ribbon - 125g,1
Sweet Sixteen Original Candy - 400g format,1
Sweet Sixteen Licorice & Ribbon Mix Candy - 325g format,1
Sweet Sixteen Gummy Candy - 1kg format,1
Sweet Sixteen Cherry Ribbon - 125g,1
Sweet Potato,1
Sweet Petites - Premium340g,1
Sweet Pepper Heat113g,1
Sweet Mesquite100g,1
Sweet Lollipop Candy Dollhouse s /12 -Pink,1
Sweet Italian Sausage - 300g,1
Sweet Chilli55g,1
Sweet Chili Torgarashi71g,1
Sweet Chili Heat370g,1
Sweet Chili Heat235g,1
Sweet Chili Heat! - Family Size220g,1
Sweet Chili & Sour Cream Flavoured200g,1
Sweet & sour snack mix,1
Sweet & sour Chicken,1
Sweet & Tangy BBQ210g,1
Sweet & Spicy Ketchup Flavour190g,1
Sweet & Sour King Size1kg,1
Sweet & SaltyGrab N'Go660g,1
Sweet & Salty64g,1
Sushi 47 pieces,1
Surimi Sticks (Crab),1
Surimi Flake (Lobster),1
Supreme Sour Cream & Onion245g,1
Supportive Underwire with Swift Fit - Very Black 34C One Size,1
Super Q Special Palabok Cornstarch Sticks 454g,1
Super Q Bihon,1
Super Bon-EE Extra Large White Eggs,1
SuoKom Fruit Tray Clear Snack Display Tray Candy Snack Tray Nut and Dried Fruit Storage Box Snack Tray for Kitchen and Party Food and Pantry Organization,1
Sunset Lollibombs 12oz,1
Sunrise Medium Firm Tofu,1
Sunnymark Crispy Basa Fish Skins,1
Sunnymark Crispy Basa Fish Skin Garlic,1
Sunglos PLATINUM Theater grade Unpopped popcorn kernels Butterfly 50lbs,1
Sunday Snacks L - White Cheddar,1
Sunday Snacks L - Sweet Chili,1
Sun-Maid Yogurt covered Raisins,1
Sun-Dried Figs Garland,1
Sun Dried Tomato100g,1
Summer Savings onlyliua Rice Ball Mould Household Children's Rice Bento Mould DIY Seaweed Sushi Mould,1
Summer Savings onlyliua Details About Tea Infuser Strainer Tea Bag Leaf Filter Diffuser Holiday Deals,1
Summer Savings Kcavykas Fruit Tray Clear Snack Display Tray Candy Snack Tray Nut and Dried Fruit Storage Box Snack Tray for Kitchen and Party Food and Pantry Organization,1
Summer Savings Dianli Four-compartment Snack Box Weekly Deals,1
Summer Savings Dianli Four-compartment Snack Box On-Trend Low Spend,1
Summer Herb Crusted330g,1
Summer Fresh Pad Thai Salad,1
Summer Fresh Dill Pickle Potato Salad,1
Suitable For Sweeping Robot Accessories 5090 4090 Main Brush Carpet Brush Side Brush Rag Filter Uni,1
Sugarbush Baked Beans,1
Sugar Snap Stringless680g,1
Sugar Palm Fruit,1
Sugar Free250 Millilitre,1
Styesk Lover Mother's Day Flower DIY Three-dimensional Frosting Home Baking Fudge Maker,1
Styesk Candy Box Nut Snack Organizer Melon Dried Fruit Tray With Lid Compartment Storage Box Nut And Dried Fruit Organizer Snack Tray For Kitchen And Parties,1
Stuffed w/Jalpaeno100g,1
Stuffed w/Garlic100g,1
Streits Matzo Ball & Soup Mix KPY,1
Streit's Soup Base Vegetable No MSG,1
Streit's Soup Base Chicken No MSG,1
Streit's Soup Base Beef No MSG,1
Streit's Matzos - Lightly Salted - Case Of 12 - 11 Oz.,1
Streit's Matzo Ball & Soup Mix-Low Sodium KPY,1
Streit's Gravy Mix Brown 119g,1
Streit's Gravy Mix Brown,1
StrbryMlkChoco,1
Strawberry8 Each,1
Strawberry710 Millilitre,1
Strawberry650g,1
Strawberry5 Each,1
Strawberry250g,1
Strawberry200 Millilitre,1
Strawberry170g,1
Strawberry125g,1
Strawberry1 Litre,1
Strawberry Watermelon48 Millilitre,1
Strawberry Shortcake300g,1
Strawberry Milkshake Cereal435g,1
Strawberry Kiwi Plant Based Snack,1
Strawberry Flavoured8 Each,1
Strawberry Flavoured380g,1
Strawberry Flavour6 Each,1
Strawberry Flavour,1
Strawberry Favour400g,1
Strawberry Banana8 Each,1
Strawberry Banana200 Millilitre,1
Strawberry Banana14g,1
Strawberry Banana % M.F.650g,1
Strawberry - Banana558 Millilitre,1
Strawberry,1
Stonemill? Honest Wellness Cranberry Pumpkin Seed Bread,1
Stonemill? Honest Wellness Chia and Supergrains Bread,1
Stonemill? Clearly Good Quinoa and Flax Bread,1
Stonemill? Bakehouse Roasted Garlic & Sea Salt Sliced Bread,1
Stonemill Organic Baguette Royale,1
Stonefire? Original Naan Rounds 12 Pack,1
Stonefire? Original Naan 2PK,1
Stonefire? Orig Mini Naan 4PK,1
Stonefire? Garlic Naan 2PK,1
"Stonefire? 8.5"" Pizza Crust",1
Stonefire? 6x13 Flatbread 2PK,1
Stok Extra Bold 1.42l,1
StoBag-caja de embalaje para hornear galletas 5 piezas yema de huevo crujiente donas Chocolate regalo ventana transparente cumplea?os Navidad evento y favores de fiesta,1
Stix Potato BBQ 5pk KFP,1
Sticky Toffee Steamed Puds,1
Steak Spice Salt-Free130g,1
Steak & Cheese Taquito,1
StbryWhteChoCkieCrmb,1
Starbucks Cold Brew Unsweetened 1.18l,1
Star Egg White Eggs 30 Pack Medium,1
Stand Up Pouch800g,1
Stampede Hotdog,1
Stainless steel Yilush,1
Stainless Steel Wax Seal Warmer Large Capacity Wax Seal Furnace Stove Pot Height Adjustable Wax Melting Tool with Spoon for DIY Stamp,1
Stainless Steel Sharp Tip Sewing Snips Thread Cutter Safety Scissors With Sheath Chain (silver),1
Stainless Steel Powder Sifter Coffee Smelling Good Taste Cup Powder Receiver Sanding Filter Powder Spreader Hand Coffee Appliance,1
Stainless Steel Permanent Coffee Filter Paperless filter Reusable Permanent Coffee Strainer Silver,1
Stainless Steel Moka Pressed Powder Decrement for Espresso Coffee 4 Cup 6 Cups,1
Stainless Steel Food-grade For Home Kitchen Restaurant Coffee Shop Gloss Gold,1
Stainless Steel Container for Coffee Machine 10cm/15cm,1
Stainless Steel Coffee Puck Screen Filter High Strength Espresso Machine Tool Coffee Making Essential,1
Stainless Steel Coffee Portafilter Screen Screen Expresso Filter for Coffee Maker 58mm 1.7mm,1
Stainless Steel Coffee Portafilter Screen Fliter Screen Filter for Coffee Maker 51mm 1mm,1
Stainless Steel Coffee Portafilter Screen Filter for Coffee Screen Contact Maker 51mm 1.7mm,1
Stainless Steel Coffee Portafilter Filter Basket Mesh Coffee Strainer High Filtration Accuracy Metal Filter Strainer For Home Coffee Making,1
Stainless Cups Shatterproof Pint Drinking Cups Metal Drinking Glasses Blue,1
Stainless Cups Shatter Pint Drinking Cups Metal Drinking Glasses,1
Stainles Steel 30/70/180/320Ml Beer Cola Martini Shaker Drink Mixer for Bartending ¨C Essential Bar Tools Weighted Shaking Metal Tins Cocktail Shaker Set,1
Stackable Vacuum Sealed Coffee Cans For Cafe 1100ml,1
Stackable Ice Trays with Lids,1
Squeezi Real Fruit Strawberry 4pk,1
Squeezi Real Fruit Pomberry 4pk,1
Squeezi Real Fruit Mango 4pk,1
Squares1.36kg,1
Sprouted Power600g,1
Sprouted Power430g,1
Sprinkles Unicorn Mix Pouch,1
Sprinkles Mermaid Mix,1
Sprinkles 30g Gld&Slvr,1
Spring Edition,1
Spreadable Cheese 8P,1
Spread,1
Spray Bottle on Clearance,1
Sprague Curried Chick Peas,1
Sprague Cuban Black Beans,1
Sports Water Cup Suitable for Gym and Outdoor Sports (Purple+Cup brush),1
Sports Water Cup Suitable for Gym and Outdoor Sports (Purple),1
Sports Water Cup Suitable for Gym and Outdoor Sports (Pink+Cup brush),1
Sports Water Cup Suitable for Gym and Outdoor Sports (Pink),1
Sports Water Cup Suitable for Gym and Outdoor Sports (Blue),1
Sports Water Cup Suitable for Gym and Outdoor Sports (Black),1
Splenda Stevia 200ct Packets,1
Spiritual Salt With Sachet-Buddhist Spiritual Salt Pouch NecklacespiritualPouch,1
Spinaci390g,1
SpinachRicotta190g,1
Spinach & Cheese540g,1
Spinach & Cheese Pasta Sauce,1
Spiderman Pop Ups! Jumbo Egg,1
Spicy515 Millilitre,1
Spicy snack,1
Spicy lemon flavored snack,1
Spicy cauliflower wings,1
Spicy and hearty rice dish,1
Spicy Tropical Fusion210g,1
Spicy Tequila Lime71g,1
Spicy Red Pepper,1
Spicy Pico Guacamole Dip Hot 284g,1
Spicy Pepper Medley150g,1
Spicy Nacho235g,1
Spicy Garden Grain Bowl,1
Spicy Dill Pickle Flavoured200g,1
Spicy Beef Flavor Instant Noodle,1
Spicy All Dressed180g,1
Spiced Apple Fanta Limited Time Offer,1
Spice375g,1
Spice storage box food grade compartment box household kitchen Sichuan pepper star anise seasoning storage box seasoning sealed box.,1
Spice Supreme Roast Beef Seasoning 11 Oz - Pack of 12,1
Spice Supreme Roast Beef Seasoning 11 Oz,1
Spice Supreme Paprika 70g 380093,1
Spice Supreme Fish Seasoning 9.25 Oz,1
Spice Supreme - Thyme Leaves (35g) 380628,1
Spice Supreme - Pure Ground Sage (50g) 380314,1
Spice Supreme - Onion Powder (49g) 380376,1
Spice Supreme - Italian Seasoning (21g) 380048 - Pack of 3,1
Spice Supreme - Imitation Rum Flavor (59ml) 309704 - Pack of 12,1
Spice Supreme - Garlic & Pepper Seasoning (149g) 380147 - Pack of 3,1
Spice Supreme - Garlic & Pepper Seasoning (149g) 380147 - Pack of 12,1
Spice Supreme - Garlic & Pepper Seasoning (149g) 380147,1
Spice Supreme - Curry Powder (63g) 380437 - Pack of 6,1
Spice Supreme - Curry Powder (63g) 380437,1
Spice Supreme - Cajun Spice Seasoning (127g) 380413 - Pack of 12,1
Spice Supreme - Cajun Spice Seasoning (127g) 380413,1
Spice Supreme - Basil Leaves (21g) 380291 - Pack of 12,1
Spice Supreme - Barbecue Spice (156G) 380178 - Pack of 3,1
Spice Supreme - Barbecue Spice (156G) 380178,1
Spice Grinder Mill 5 inch,1
Speciale330g,1
Special Edition5 Each,1
Special Edition130g,1
Special Edition 303g,1
Spartan,1
Sparks White Eggs 30 Pack Medium,1
Sparkling Grape Juice Peach 750ml,1
Spaghettini375g,1
Spaghettini Pasta900g,1
Spaghettini Pasta375g,1
Spaghetti Pasta340g,1
Soybean paste,1
Soya Stick,1
South-Indian delicacy,1
Sourdough Boule Bread,1
Source of Iron and Potassium,1
Sour Watermelon Plant Based Snack,1
Sour Smog Balls,1
Sour Patch Heart,1
Sour Cream And Onion200g,1
Sour Cream 'N Bacon200g,1
Sour Cream & Onion40g,1
Sour Cream & Onion240g,1
Sour Cream & Onion235g,1
Sour Cream & Onion177g,1
Sour Cream & Onion - Family Size235g,1
Sour Cream & Chives130g,1
Sour Chewy Candy 100 pcs bag,1
Sour Blast 57g,1
Soup Nuts Box 50g,1
Soup Base Vegetable No MSG 142g,1
Soup Base Chicken No MSG 142g,1
Soup Base Beef No MSG 142g,1
Sorbetto Premium Strawberry (341) KPY,1
Sorbetto Premium Pom Berry,1
Sorbetto Premium Mango,1
Sorbetto Premium Berry Vanilla (344) KPY,1
Sorbetto,1
Solid milk confectionary with cookie bits,1
Solid Color Waterproof Zipper Closure Closure Adjustable Wide Mesh Straps Wild Fashion Outdoor Bag,1
Sole Fillets KPY,1
Sole Fillets,1
Sold indivudally,1
Sold in pieces,1
Sold in packs,1
Sold by piece,1
Sold as singles,1
Sold Exlusively at Walmart,1
Sold Exclusively to Walmart,1
Sociables180g,1
SoLd individuaLLy,1
So Smart550g,1
So Delicious Dairy Free Gluten Free Peanut Butter Brownie Cashew 500ml,1
Snow Peas,1
Snacks or Ice Cream,1
Snacks,1
Snack Size336g,1
Snack Size318g,1
Snack Size,1
Snack Marble Diet,1
Snack Cup Snack Fruit Outdoor Picnic Camping Snack Cup,1
Snack,1
Smooth Natural Almond Butter,1
Smoky Ranchero135g,1
Smokey Bacon Flavour Crackers145g,1
Smokey Bacon - Family Size235g,1
Smoked175g,1
Smoked Sprats in Oil,1
Smoked Paprika & Onion171g,1
Smoked Family Size400g,1
Smoked Chicken Breast,1
Smart Wall Heater Electric Space Heater For Bedroom 1500W Remote Control Wall Mount Heater For Indoor Space Heater Fast Heating And Machine Towel Dry Rwvbm,1
Smart Vinyl Removable Maize Yellow,1
Smart Vinyl Permanent Shimmer Black VDRX 12 FT,1
Small1 Each,1
Small WhiteBulk100g,1
Small Springz Original,1
Small Springz BBQ,1
Small Mini Pepp Shak Spice Shak Flavoring Shak for Kitchen Outdoor Picnic Camping Lunch Boxe Travel Spice Set (2PC),1
Small Egg White Divider Practical Cute Cartoon Ceramic Portable Egg Filter for S,1
Slim Jim Original Protein Meat Stick with no artificial flavours,1
Slim Jim Mild Protein Meat Stick With No Artificial Flavours,1
Slim Jim GNT HOT AF 27.5G,1
SlicedOrganic227g,1
SlicedFresh250g,1
Sliced567g,1
Sliced500g,1
Slam Dunks Lunch Box Snacks,1
Sky Blue One Size,1
Skipjack in Water100g,1
Skipjack in Water,1
Skipjack Thai Chili85g,1
Skipjack Mayonnaise Style85g,1
SkinnyPop Sweet & Salty Kettle Corn 150g,1
SkinnyPop Skinnypack Gluten Free Popcorn 6x18g,1
SkinnyPop Sea Salt Microwave Popcorn 474g,1
SkinnyPop Gluten Free Original Popcorn 125g,1
SkinnyPop Butter Popcorn 125g,1
SkinnyPop Butter Microwave Popcorn 474g,1
SkinlessFresh425g,1
Skin OnFresh700g,1
Skillet Gnocchi filled with Cheddar and Bacon,1
Sizzling Cheeseburger210g,1
Sizer Size Cubes Rose Red,1
Size: 12.3oz,1
Size50G,1
Size 90-125,1
Size 80-120,1
Size 20-40,1
Six Fortune Cooked Salted Duck Eggs,1
Sitara Split Red lentils Masoor Dall,1
Sitara Moong Whole Mung Beans,1
Sitara Moong Dal Split Mung Beans,1
Sitara Dark Red Kidney Beans,1
Sitara Black-Eyed Peas,1
Single355 Millilitre,1
Simulation Food Japanese Restaurant Dipping Sauce Tempura Fried Shrimp Tail Crab Clamp Model Shooting Jewelry Children Playing Props,1
Simply lemonade with Raspberry 2.63l,1
Simply Steam Summer Sweet Peas,1
Simply Steam Season Corn 269g,1
Simply Steam Cut Brocc & Cauli,1
Simply Steam Brussel Sprouts.,1
Simply Raspberry lemonade 2.63l,1
Simply Orange Juice With Pulp 2.63l,1
Simply Orange Juice Pulp Free 2.63l,1
Simply Mango with Pineapple 1.54l,1
Silver_58mm,1
Silver_54mm,1
Silver Swan Soy Sauce 1l,1
Silv Dust,1
Silk Yog Coco Strawberry Raspberry 4x95g,1
Silk Soy 890ml Coffee Creamer,1
Silk Probiotic Vanilla 4x95g,1
Silk Oat Unsweetened,1
Silk Oat Seasonal 450ml,1
Silk Oat Maple Brown Sugar,1
Silk Oat Hazelnut latte 450ml,1
Silk Oat Extra Creamy 1.75l,1
Silk Oat Extra Creamy,1
Silk Nextmilk Whole,1
Silk Festive Nog 946ml,1
Silk Coco Unsw Vanilla 650g,1
Silk Coco Unsw Plain 650g,1
Silk Almond Hazelnut 890ml,1
Siliconen Koffie Filter Dispenser Opbergdoos met Rek Duurzaam Multifunctioneel Pink,1
Siliconen Koffie Filter Dispenser Opbergdoos met Rek Duurzaam Multifunctioneel Grey,1
Silic Rice Family Dinner Table cm,1
Siete Vegan Refried Pinto Beans,1
Siete Spicy Taco Seasoning,1
Siete Mild Taco Seasoning,1
Siete Grain Free Taco Shells,1
Sides Garlic Parm Green Beans,1
Sicilian Flatbread,1
Shufra Chocolate Chips KPY,1
Shrimp Flavoured Chips 200g,1
Shredded175g,1
Shower Shelves With Hangin Big Savings,1
Shneider's Toast Rounds Whole Grain 300g,1
Shneider's Noodle Soup Vegetable 65g,1
Shneider's Noodle Soup Chicken 65g,1
Shin Gold F-pk,1
Shiitake Mushroom Crisps,1
Shezan Apple Jelly 370g (0.82 Lb) | Pack of 1 | Authentic Flavor and Luxurious Smoothness | Vibrant Flavor | Healthy and Delightful | Glass Bottle,1
Shengyu1 24 Pockets Santa Claus Christmas Advent Calendar Wall Hanging Ornament Snacks Biscuits Home Bedroom Living Room Decoration Red Red,1
Shelf,1
Share Size946 Millilitre,1
Shank Portion2.9kg,1
Shank End1.5kg,1
Shangren Coffee Cup 200ml Ceramic Coffee Cup Coffee Roasters Espresso Shot Coffee Cup inner white,1
Shan Paste Mix Ginger Garlic 6X700G,1
Shan Paste Ginger 6X700G,1
Shan Paste Garlic 6X700G,1
Shan Fried Fish Recipe and Masala Mix,1
Shan Cooking Sauce Sindhi Biryani 6X350G,1
Shan Cooking Sauce Korma 6X350G,1
Shan Cooking Sauce Karahi Balti 6X350G,1
Shan Cooking Sauce Chicken Tandoori 6X350G,1
Shan Cooking Sauce Butter Chicken 6X350G,1
Shan Cooking Sauce Bombay Biryani 6X350G,1
Shan Cooking Sauce Birayni 6X350G,1
Shallot & Ciboulette150g,1
Shakti Chakki Fresh Atta-20Lbs,1
ShaSha Ginger Snaps,1
ShaSha Chocolate Snaps,1
Set of 4 Creative Potato Chips with Sealing Clips - Perfect for Small Snacks and Home Finishing - Kitchen Supplies,1
Sesame Vinaigrette,1
Sesame Brioche Burger Buns,1
Serves 15-2025 Each,1
Serves 12-1632 Each,1
Serves 10-1420 Each,1
Sentmoon Wal-mart Deals Rose Flower Ice Cocktail Mix Ice Rose Flower 4 With Ice Tray Deals of the Day Clearance Prime,1
Sentmoon Wal-mart Deals DIY 4 Homemade Ice Cream Chocolate Candy With 20 Wooden Sticks Deals of the Day Clearance Prime,1
Sentmoon Wal-mart Deals 50pcs Empty Teabags String Heat Filter Paper Herb Loose Tea Bag Deals of the Day Clearance Prime,1
Sentmoon Up to 90% Off Printed Kitchen Oil Barrier High Temperature Aluminum Foil Oil Baffle Deals of the Day Clearance Prime,1
Sentmoon Up to 90% Off 4 Hand-held Popsicles With Transparent Self-made Ice Cream With Lid Todays Deals Clearance Sales,1
Sentmoon Up to 90% Off 4 Hand-held Popsicles With Transparent Self-made Ice Cream With Lid Deals of the Day Clearance Prime,1
Sentmoon Up to 90% Off 10 Popsicle Diy Ice Cream Ice Cream Todays Deals Clearance Sales,1
Sentmoon Up to 40% off 4 Popsicle Diy Ice Cream Ice Cream Deals Flyer,1
Sentmoon Todays Deals Clearance Sales DIY 4 Homemade Ice Cream Chocolate Candy With 20 Wooden Sticks Deals of the Day Clearance Prime,1
Sentmoon Todays Deals Clearance Sales Coffee Filter Foldable Brewing Stainless Steel Filter Suitable For Any Cup Deals of The Day,1
Sentmoon Prime Deals 100 Pcs Empty Teabags String Heat Filter Paper Herb Loose Tea Bag Deals Flyer,1
Sentmoon Prime Day Deals 2024 Canada Chopper Portable Vegetable Chopper 250ml 3 Blades USB Rechargeable Suitable For Ginger Chilli Vegetables Meat Spices Beans Etc Home Camping Travelling Deals Flyer,1
Sentmoon Deals of the Day Clearance Prime Rose Flower Ice Cocktail Mix Ice Rose Flower 4 With Ice Tray Wal-mart Deals,1
Sentmoon Deals of the Day Clearance Prime DIY 4 Homemade Ice Cream Chocolate Candy With 20 Wooden Sticks Wal-mart Deals,1
Semi-Sweet Chocolate Chips270g,1
Semi Sweet225g,1
Seltzer Must-Have Picnic Accessories &Beach Gadgets (Purple)24052901,1
Seltzer Must-Have Picnic Accessories & Beach Gadgets (Pink)24052906,1
Seltzer Must-Have Picnic Accessories & Beach Gadgets (Blue)24052905,1
Sella Basmati rice,1
Segmented Candy Box Household Nut Box Dried Fruit Box Living Room Snack Box Plastic Fruit Box Snack Box Rwvbm,1
Segmented Candy Box Household Nut Box Dried Fruit Box Living Room Snack Box Plastic Fruit Box Snack Box,1
Seeds & Grains482g,1
Seeded bread,1
Seasoning box portable outdoor camping barbecue seasoning can food-grade home sealed seasoning can salt MSG storage box.,1
Seasoned600g,1
Sealer s Storage Vacuum Sealers Machine White,1
Sea SaltGrab N'Go350g,1
Sea Salt385g,1
Sea Salt35g,1
Sea Salt100g,1
Sea Salt and Pepper Flatbread,1
Sea Salt Malt Vinegar Flavoured200g,1
Sea Salt Bag 151g,1
Sea Salt - Family Size130g,1
Sea Salt & VinegarNo Shells155g,1
Sea Salt & Vinegar Pistachios,1
Sea Salt & PepperNo Shell155g,1
Sea Salt & Pepper - Family Size235g,1
Screamin Salt & Vin180g,1
Scotsburn Salted Butter,1
Scorchin' Buffalo156g,1
Sch?r Gluten-Free Deli Style Seeded Sourdough Bread,1
Sch?r Gluten-Free Breadsticks,1
Schug,1
Schtark Sliced American - White,1
Schtark Sliced American,1
Schtark Shredded Premium Pizza 2Lbs,1
Schneiders Pepperettes Sausage Sticks Hot European,1
Schneiders Pepperettes Bites Sausage Snacks European,1
Schneiders Applewood Smoked Sliced Ham,1
Schinoussa Probiotic Whey Isolate (2268g/5lb),1
Savoury Honey Garlic900g,1
Savoura Cocktalio tomatoes,1
Savory steak packed with hearty potatoes.,1
Savings Clearance Xihbxyly Coffee Filter Cup Drip Cup Hand-brewed Coffee Cup Drip Filter Coffee Filter Cup for Hiking Camping Home Office,1
Sausage & Pepperoni40 Each,1
"Satisfy your sweet cravings with Drizzilicious Birthday Cake Bites
A delightful 113g pack of mini rice cakes featuring an irresistible combination of chocolate drizzle and vibrant sprinkles.
Key Features:
Vegan Delight: Drizzilicious ensures a guilt-free snacking experience with ",1
,
Sarson ka Saag,1
Sardo Sundried Tomato Tapenade,1
Sardines in tomato sauce,1
Sardines Tomato Sauce Chili,1
Sarangani FFD (325-486g),1
Sapporo Original 5 Pack,1
Sapporo Original,1
Sapporo Ichiban Beef,1
Sapporo Flat Ndls - Hot and Spicy,1
Sapporo Flat Chicken,1
Sanrio Hello Kitty Cinnamoroll Accessories Thick Sole Shoes Cute Girl New Casual Sports Board Shoes Platform Athletic Sneaker,1
Sanotti Dates N' Tahini diP 60gm,1
Sanotti Dates N' Chocolate diP 60 gm,1
Sandwich Style Sliced,1
Sandwich Sliced - Bread & Butter500 Millilitre,1
Sambhar powder,1
Sambhar Masala,1
Salted350g,1
Salted Caramel84g,1
Salted Caramel Chocolate flavour6 Each,1
Salted Caramel Chocolate flavour210g,1
Salted 454g,1
Salt And Vinegar200g,1
Salt & VinegarSnack Size56g,1
Salt & Vinegar40g,1
Salt & Vinegar275g,1
Salt & Vinegar235g,1
Salt & Vinegar Flavour Crackers145g,1
Salt & Vinegar - Family Size235g,1
Salsa Verde240g,1
Salsa Ranch355 Millilitre,1
Salmon Burgers Classic,1
Salad topper with crunch,1
Sabra Avocado Toast,1
Sabor Do Mar Spiced Mackerel Pate,1
SZXZYGS Pour Over Coffee Filter Organizer V01/V02 Outdoor Camping X Pac Nylon Using Bag Washable,1
SYS Organic Matcha Coffee The Perfect Combination Of Deliciousness And Health,1
SYRUP CHOCOLATE,1
SYNEAR CHICKEN SOUPY DUMPLING,1
SY HOT CHICKEN RAMEN CURRY,1
SY CHICKEN HABANERO,1
SWT TOS,1
SWT CHILI CAULI WNGS,1
SWISS CHALET Smoky BBQ Ribs,1
SWISS CHALET Chicken pie 650g,1
SWISS CH Hot chicken gravy 51g,1
SWISS CH H.Ch gravy l.salt 51g,1
SWISS CH Dipping sce 36g,1
SWISS CH Dipp sce l.salt 36g,1
SWISS CH Chicken rice soup,1
SWISS CH Chick Nood soup,1
SWISS CH Chick Nood less salt,1
SWIRL POP,1
SWEETARTS CANDY SWEETARTS ROPE STRAW,1
SWEET CORN WHOLE,1
SWEET CORN FLOUR,1
SWEET CHILI SAUCE FOR SHRIMP,1
SWEET CHILI SAUCE,1
SWEET AND SPICY WITH A KICK OF CAYENNE SPICE.,1
SW CHA Honey Garlic Ribs 600g,1
SW CH Turkey gravy mix 25g,1
SW CH Brown Sce Mix 25g,1
SW CH Beef sce 284ml,1
SUTENGDA Bread Box with Handle Portable Loaf Cake Container Plastic Rectangular Food Storage Keeper Carrier 13inch Translucent Dome for Pastries Bagels Bread Rolls Buns or Baguettes (W,1
SUNNING PHO RICE NOODLES,1
SUNNING PAD THAI NOODLES,1
SUN PRIDE CORN,1
SUGRAIN DEMERARA 1KG,1
SUGAR CANE SMAll,1
STRAWBERRY-BlUEBERRY lT 500ml,1
STRAWBERRY FLAVOURED BISCUITS,1
STH Chicken pot pie 800g,1
STH Beef Bourguignon sce 35g,1
STBX PSL 1.18,1
STARBUCKS FRAP OAT CARM,1
STARBUCKS DOUBLE SHOT,1
STAR ANISE,1
ST-HUBERT Hot Piri-Piri sauce,1
ST-HUBERT Chicken & Ribs BBQ sauce,1
SS SHREDDED WHEAT,1
SR Soft Tofu,1
SR Almond Tofu Dessert,1
SQUID CALIFORNIA WR,1
SPRING CREEK QUAIL 18 FRESH QUAIL EGGS,1
SPK HNY CRl,1
SPICE USED IN VARIOUS DISHES,1
SPICE SUPREME Meat Seasoned Tenderizer 5-3/4oz (162g) - Pack of 3,1
SPICE SUPREME Meat Seasoned Tenderizer 5-3/4oz (162g),1
SPICE,1
SPARK APPLE CIDER,1
SPANISH SERRANO HAM 50GR,1
SPAGHETTI PASTA,1
SOUP TUSCAN lENTIl,1
SOUP PEA,1
SOUP MINESTRONE,1
SOUP CHILI,1
SOUP BLACK BEAN,1
SOUP BARLEY & MUSH,1
SOUP,1
SORBETTO RAINBOW,1
SOON MISO&TOFU,1
SOO 5 SPICES BEEF JERKY,1
SOLID W TUNA/WATER,1
SOLD IN BULK,1
SOAN PAPDI,1
SNACK PACK Cinnamon Cinnabon,1
SNACK PACK Cherry Desserts,1
SNACK,1
SMOOTH MOVE PEPMINT,1
SMOKED BBQ RUB,1
SM WTRmlN RAIS SOUR,1
SM STRWBRY RAIS SOUR,1
SM BL RSPB RAIS SOUR,1
SM 58G UNCR PB STW SW 4PK 8CT,1
SM 58G UNCR PB STW SW 10PK 6CT,1
SM 58G UNCR PB GRP SW 4PK 8CT,1
SM 52G UNCR CHO HZT SW 4PK 8CT,1
SLOPPY JOES,1
SLICED CHEESE,1
SKINNYGIRL DRESSING RASPBERRY VINAIGRETTE,1
SKINNYGIRL DRESSING POPPYSEED,1
SKINNYGIRL DRESSING HONEY DIJON,1
SKINNYGIRL DRESSING BALSAMIC,1
SIWIN VEGETABLE DUMPLINGS,1
SICHUAN PEPPER POWDER,1
SICHUAN PEPPER OIl,1
SICHUAN PEPPER,1
SHREDDIES HONEY SHRED FS,1
SHREDDIES HONEY FAMILY SIZE,1
SHIN VEGAN,1
SHAN VEGETABLE LASAGNA 800G,1
SHAN CHICKEN LASAGNA 800G,1
SHAN CHICKEN ALFREDO & PENNE 600G,1
SHAN BEEF LASAGNA 800G,1
SG Firm Tofu,1
SESAME SEED BLACK,1
SEMPAI Silica Gel Tea Bag Tea Filter Silica Gel Tea Filter Summer Savings Up to 45% off New Year holiday,1
SEMPAI Silica Gel Tea Bag Tea Filter Silica Gel Tea Filter Flash Deal Up to 60% off Remembrance Day,1
SEMPAI Silica Gel Tea Bag Tea Filter Silica Gel Tea Filter Flash Deal Up to 45% off Thanksgiving Day,1
SEMPAI Santa Claus Chocolate Cake DIY Fondant Decoration Wal&mart Deals Clearance Labour Day,1
SEMPAI Home Made Ice Cream Set Box For Making Ice Cream Ice Cream Ice Cream Children's Ice Cream Stick Ice Cream Stick Up to 45% off Summer Savings Thanksgiving Day,1
SEMPAI Easter Lovely Rabbit Tea Bag Hanging Fixed Tea Bag Fixed Tea Bag Tea Cup Wall Decoration Rabbit Differentiator Up to 45% off Flash Deal Valentine's Day,1
SEMPAI Easter Lovely Rabbit Tea Bag Hanging Fixed Tea Bag Fixed Tea Bag Tea Cup Wall Decoration Rabbit Differentiator Flash Deal Clearance Thanksgiving Day,1
SEMPAI Creative Polygons 4-cell Ice Ice Box Easy To Demould Soft Bottom Ice Box Up to 45% off Flash Deal New Year's Day,1
SEGAI ORGANIC DATES,1
SEEDLESS,1
SECORD EGG 150G,1
SDF ZAATAR GREEN,1
SDF TOMATO PASTE,1
SDF TOM PASTENOSALT,1
SDF PKl CUCUMBER DIl,1
SDF PKL MINI CUCUMBE,1
SDF PKL CUCUMBER,1
SDF LIMEJUICESHIRAZ,1
SDF HALVA PISTACHIO,1
SDF FALAFEL MIX ORI,1
SBR BBQ Sauce Honey 425ml,1
SAY CHEESE Snack Chocolate Diet,1
SAVORY SPICY SAUCE FOR CHICKEN,1
SAUCE FOR BEEF STRIPS,1
SAUCE CRANBERRY WHOl,1
SAUCE,1
SARDO PEARl ONIONS 375ml,1
SANOTTI DATE TAHINI 330gm,1
SAFFRON LATTE,1
SADAF LRG LIMA BEANS,1
SADAF LRG FAVA BEANS,1
SADAF LIMA BEANS,1
SADAF GREEN LENTILS,1
S'mores226g,1
S'mores Frosted Sugar Cookies,1
S&W Sweet Filipino Style Spaghetti Sauce,1
S Size 12 Holes Arc Shaped Plastic Chocolate Candy Lollipop Stand Display Holder,1
S - Wafer Rolls Hazelnut,1
S - Wafer Rolls Chocolate,1
S - Springz Original,1
S - Sauce Sweet Plum KPY,1
S - Sauce Sweet,1
S - Sauce Sesame Teriyaki SF,1
S - Sauce Sesame Teriyaki Low Sodium,1
S - Sauce Peanut Satay (Kitniyot) KPY,1
S - Sauce Hoisin,1
S - Salmon Steelhead Smoked,1
S - Salmon Sockeye Smoked,1
Ruiboury Teabags Single-off Lightweight Non-woven Fabrics Cooking Scented Tea Bags Loose Convenient Drawstring Herb Pouch TYPE4 100pcs 7x9cm,1
Ruiboury Teabags Single-off Lightweight Non-woven Fabrics Cooking Scented Tea Bags Loose Convenient Drawstring Herb Pouch TYPE1 100pcs 5x7cm,1
Ruiboury Press Tortillas And Crepes Easily With Durable Doughs Pressing Tool Tortillas To Corn Tortillas balck 20cm,1
Ruiboury Filter Mesh Coffee Basket Powder Strainer Long Handle Stainless Steel Rustproof Multipurpose Handily Gripped Filtering Net Type 7,1
Ruiboury Filter Mesh Coffee Basket Powder Strainer Long Handle Stainless Steel Rustproof Multipurpose Handily Gripped Filtering Net Type 6,1
Ruiboury Durable Stylish Comfortable Wear Adjustable Buckles Multiple Sizes white 2.0*40cm 1Set,1
Ruiboury Durable Stylish Comfortable Wear Adjustable Buckles Multiple Sizes red 2.0*40cm 3Set,1
Ruiboury Durable Stylish Comfortable Wear Adjustable Buckles Multiple Sizes red 1.5*30cm 1Set,1
Ruiboury Durable Stylish Comfortable Wear Adjustable Buckles Multiple Sizes coffee 1.5*37cm 1Set,1
Ruiboury Durable Stylish Comfortable Wear Adjustable Buckles Multiple Sizes coffee 1.5*30cm 5Set,1
Ruiboury Durable Stylish Comfortable Wear Adjustable Buckles Multiple Sizes coffee 1.5*30cm 1Set,1
Ruiboury Durable Stylish Comfortable Wear Adjustable Buckles Multiple Sizes black 2.5*50cm 5Set,1
Ruiboury 1/2/3/5 9Pcs Filter Mesh Replacement Strainer Resistant Tea Maker Filters Home 5PCS,1
Rtu5024 Gsm Gate Door Opener Relay Switch Phone Remote Controller,1
Rsgold Stand,1
Royal Nuts Cashews Raw,1
Rounds295g,1
Rounds Value Size480g,1
Round shape Mini Naan,1
Round glasses-translucent silver,1
Round glasses-silver,1
Round Slice200g,1
Round Glasses-Sand Black Silver,1
Rotisserie Chicken Seasoning161g,1
Ross Milk Chocolate 34g Bar,1
Ross Dk Chocolate Hazelnut 34g Bar,1
Ross Dark Chocolate 34g Bar,1
Rose gold,1
Rose Gold_51mm,1
Rose Gold One Size,1
Rose Flower Ice Cocktail Mix Ice Rose Flower 4 With Ice Tray,1
Rongfmy Coffee Cup 200ml Ceramic Coffee Cup Coffee Roasters Espresso Shot Coffee Cup inner white,1
Rongfmy 2-3 of pack Candy Cane Kids Belly Dance Stick Hanging Decor 3 Pcs,1
Rongfmy 10ml DIY Colorants Pigments 10ml yellow 10ml lemon yellow,1
Rongfmy 10ml DIY Colorants Pigments 10ml pink,1
Rongfmy 10ml DIY Colorants Pigments 10ml brown,1
Rongfmy 10ml DIY Colorants Pigments 10ml black,1
Rongfmy 10ml DIY Colorants Pigments 10ml 10ml rose red,1
Rolled Oats Old Fashioned907g,1
Rodeo DriveBulk1 Each,1
Rockwell's - Liquid Coconut Oil Organic | Multiple Sizes,1
Rockstar Pure Zero lemonade 473ml,1
Rockstar Punched Peach 473ml,1
Rockstar Punched Charged Cherry 473ml,1
Rockstar Punched Blackberry 473ml,1
Rockstar Energy Drink Strawberry Mango 473ml,1
Rocher Bars Almond G90x16,1
Robinsons NAS Orange concentrate,1
Robinsons Apple & Blackcurrant concentrate,1
Robin Hood Brodie Cake & Pastry Self-Raising Flour,1
Robin Hood 00 Style Pizza Flour 2kg,1
Rob's OG Popcorn 113g,1
Rob's Indian Popcorn 113g,1
Rob's Cheddar Popcorn 113g,1
Roasting Clearance Saving Up To 65% Off,1
Roasted and Salted350g,1
Roasted and Salted Pistachios,1
Roasted Vermicelli,1
Roasted Salted100g,1
Roasted Salted Fava Beans (Soya),1
Roasted Portobello Mushrooms,1
Roasted Pork Chops,1
Roasted Plain100g,1
Roasted Pepper & Kale Flatbread Pizza322g,1
Roasted Mixed Nut6 Each,1
Roasted Mixed Nut210g,1
Roasted Garlic Flavour & Wild Rice365g,1
Roasted Chicken71g,1
Roasted Chicken Base Bouillon Seasoning,1
Roasted Beef Base Bouillon Seasoning,1
Roasted Almond123g,1
Roasted Almond10 Each,1
Roasted & Salted350g,1
Roasted & Salted100g,1
Roasted & Salted Pistachios,1
Roastable Market Harvest Vegetables,1
Roast Garlic200g,1
Rkxzt Segmented Candy Box Household Nut Box Dried Fruit Box Living Room Snack Box Plastic Fruit Box Snack Box Weekly Deals,1
Riviera Veg Del Coco Plain,1
Rival series,1
Ritter Sport Coconut Chocolate,1
Rip-L Sour Cream & Green Onion40g,1
Rijst Dispenser Rijst Container Rijst,1
Righteous Gelato Blueberry Limeade - Dairy Free Sorbetto blends the sweetness of blueberries and the tartness of fresh limeade.,1
Ricotta & Spinach600g,1
Richard Ultra White Eggs 12,1
"Rich's 22 1/2"" Par-Baked French Baguette - 24/Case",1
Rich and Creamy,1
Rich & sweet concord grape flavour,1
Riced Veggies Cauli Blend 283g,1
Rice noodles ideal for any stir fry dish.,1
Rice flour is made from ground raw rice,1
Rice cracker Original10x160g,1
Rice batter,1
Rice Paper Square KPY,1
Rice Paper Round KPY,1
Rice Crispy Squares Vanilla (132 grams),1
Rice Crispy Squares Double Chocolate (132 g),1
Rice Crackers Chicken Flavour,1
Rice Box Insect-Proof For Grain Dog Food Rice Cereal Bread Storage Gray 10kg,1
Rib End500g,1
Reusable single serve filter,1
Reusable Refillable Coffee Capsule for with Tamper,1
Reusable Ice Cream Containers With Lids,1
Reusable For Dolce Gusto Coffee Capsule Cup Filter Coffee Filter Coffee Capsules Reusable Coffee Cup Basket,1
Reusable Coffee Pod 5g Capacity Refillable Filter Square Holes,1
Retro Stainless Steel Cooking Spoon Kitchenware Flatware Cookware Utensil Heat Resistant Kiychen Spoon for Kitchen Cooking Hot Pots 33x7cm,1
Restful Sleep Herbal Tea - 16 Bags 32g,1
Rest Sides Cauliflower & Onion,1
Reser's Fine Foods Roasted Sea Salt and Black Pepper Potatoes,1
Replacements Filters Mesh Coffee Machine Filter for 5Pcs,1
Removable Heart Necklaces Four Leaf Clover Necklace Women,1
Remedy Kombucha 4 x 330ml Wild Berry,1
Remedy Kombucha 4 x 330ml Raspberry Lemonade,1
Remedy Kombucha 4 x 330ml Mango Passion,1
Remedy Kombucha 4 x 330ml Ginger Lemon,1
Regular350g,1
Regular168g,1
Regular1 Each,1
"Regular,1.74 Litre",1
Regent Mocca Cake,1
Refills49.3g,1
Reese Puffs Peanut Butter & Cocoa Family Pack385g,1
Red onions 3lb,1
Red Schug KPY,1
Red Rose OP 72 ct,1
Red Rose OP 216 ct,1
Red Quinoa and Sundried Tomatoes160g,1
Red Pomelo,1
Red Pepper & Parmesan4 Each,1
Red Onion,1
Red Kidney Beans in Spicy Sauce,1
Red F,1
Red Cabbage w/Apple,1
Red C,1
Red Bull Peach 473ml,1
Red Batavia1 Each,1
Red Baron Thin Crust Pepperoni Multi Serve Pizza,1
Red Baron Thin Crust 5 Cheese Multiserve Pizza,1
Red Baron Rising Crust Supreme,1
Red Baron Rising Crust Pepperoni,1
Red Baron Rising Crust Hawaiian,1
Red Baron Rising Crust Cheese,1
Red Baron Classic Crust Supreme,1
Red Baron Classic Crust 4 Meat,1
Red B,1
Red,1
Real-life Matcha & Taro Bubble Tea Cup Shaped Stuffed Soft Back Cushion,1
Real Pressed Flowers for Epoxy Resin Jewelry Swallows,1
Real Mayonnaise,1
Real Cheese Salsa with Jalapeno,1
Real Cheese Salsa with Chipotle,1
Real Cheddar Cheese180g,1
Ready-to-eat 1 x 160g,1
Ready to Serve 515ml,1
"Ready to Eat
No Refrigeration Necessary
Perfect for Travel
Certified Kosher
No Sodium",1
,
Ready to Cook Sweet dry mix.,1
Ready to Cook,1
Ready in 90 seconds!,1
Ready in 90 seconds,1
Rbaofujie Kitchen Utensil Set Coffee Filter Cup Drip Cup Hand-Brewed Coffee Cup Drip Filter Coffee Filter Cup for Hiking Camping Home Office Kitchen Utensil Set,1
Raw100g,1
Raw Organic100g,1
Raspberry8 Each,1
Raspberry6 Each,1
Raspberry547 Millilitre,1
Raspberry14g,1
Raspberry Viniagrette237 Millilitre,1
Raspberry Turnover300g,1
Raspberry Truffle240g,1
Raspberry Flavoured558 Millilitre,1
Raspberry Flavoured380g,1
Raspberry Cherry650g,1
Raspberry 9 Pack360g,1
Raspberry 5% M.F.4 Each,1
Ranch Flavour Cracker145g,1
Ranch Dressing,1
Rana Maine Lobster Ravioli,1
Ramyun Noodles,1
Ramen Noodles Vegetable,1
Ramen Noodles Spicy Chinese,1
Ramen Noodles Chicken,1
Raku Sushi Spicy California Roll,1
Rajma Masala,1
Raisin Bran Crunch Cereal 436Gx10,1
Raised Without AntibioticsFamily Pack950g,1
Raised Without AntibioticsFamily Pack830g,1
Raised Without AntibioticsFamily Pack1.05kg,1
Raised Without Antibiotics750g,1
Raised Without Antibiotics690g,1
Raised Without Antibiotics600g,1
Raised Without Antibiotics568g,1
Raised Without Antibiotics430g,1
Raised Without Antibiotics4 Each,1
Raised Without Antibiotics 5 pc1 Each,1
Rainbox explosion gummy mix,1
Rainbow mix sprinkles,1
Rainbow Bunched1 Each,1
Rainbow Bagels,1
RUSTICA STUFFED CRUST SMOKY BBQ CHICKEN,1
RUSTICA STUFFED CRUST PEPPERONI PIZZA,1
RUSTICA STUFFED CRUST DELUXE PIZZA,1
RUSTICA STUFFED CRUST 4 CHEESE PIZZA,1
RUSTICA STUFFED CRUST 3 MEAT PIZZA,1
RUSTICA SINGLES PEPPERONI PIZZA,1
RUSTICA SINGLES MEAT LOVERS PIZZA,1
RUSTICA SINGLES 3 CHEESE PIZZA,1
RUSTICA RISING CRUST SPCY CHICKEN DELUXE,1
RUSTICA RISING CRUST DELUXE PIZZA,1
RUSTICA RISING CRUST 4 CHEESE PIZZA,1
RUSTICA RISING CRUST 3 MEAT PIZZA,1
RUSTICA PIZZERIA ULTIMO PIZZA,1
ROlO? Milk Chocolate And Mini Chewy Caramel,1
ROUND FLAKY BISCUIT,1
ROASTED CHANA,1
RM Mochi,1
RKT ORIG BARS 16CT 352GMX6,1
RKT CHOC CHIP BARS 198GMX6,1
RKSB HMSTY ORG,1
RKSB HMSTY CHOC,1
RISE SODA CLAS COLA,1
RIGHTEOUS GELATO SEA SALTED CARAMEL-Caramel Gelato sprinkled with sea salt throughout.,1
RIGHTEOUS GELATO RASPBERRY LIME-Dairy Free Sorbetto made sweet with BC raspberries and slightly sour of fresh lime juice.,1
RIGHTEOUS GELATO MANGO PINEAPPLE-Dairy Free Sorbetto combining cold pressed pineapple juice & Alphonso mangoes for a sweet finish.,1
RIGHTEOUS GELATO DARK CHOCOLATE CARAMELSEA SALT-Dark Chocolate Gelato made with Dutch Cocoa and ripples of caramel and sea salt sprinkled throughout.,1
RIGHTEOUS GELATO COOKIES & CREAM-Vanilla gelato with gluten free chocolate wafer cookies.,1
RIGATONI PASTA,1
RICE STUFF WILD SIDE,1
RICE STUFF GO GRAIN,1
RICE STUFF ALL JAZZ,1
RICE CAKE STICK,1
RF Minis 600g,1
REMEMBER THE TASTE,1
RELISH CANADA SAUC,1
REGULAR TOSTADAS,1
REESE? is the perfect combination of peanut butter and chocolate in a crunchy shell.,1
REESE'S Peanut Butter Pumpkins Halloween Candy 68G,1
REESE'S PIECES Candy - Candy Cane 39g,1
REESE'S Holiday Peanut Butter Candy Bells 161g,1
REESE'S Big Cup Stuffed with REESE'S Puffs 34g,1
REESE'S 3D Peanut Butter Egg,1
REESE PB MINI PUFFS,1
RED MOLE,1
RED LABEL ENSAYMADA UBE,1
RED LABEL ENSAYMADA CHEESE,1
RED HORSERADISH,1
RED BARON Frozen Deep Dish Pepperoni Single Serve Pizza,1
RED BARON Frozen Deep Dish 4 Cheese Single Serve Pizza,1
RED BARON Frozen Classic Crust Pepperoni Multi Serve Pizza,1
RED BARON Frozen Classic Crust 4 Cheese Multi Serve Pizza,1
RB VP 8X250ml,1
RASPBERRY LEAF,1
RASPBERRY JAM,1
RANCH VEGGIE DIP SNACK PACK,1
RAMEN NDLS VEG FLV,1
RAINBOW EGGIES 200G_EN,1
RAINBOW CANDY ROLLS,1
Qu¨¦bon 2% Milk 2 Litres,1
Quinn¡¯s Raspberries ¡®N Cream Swiss Rolls,1
Quinn¡¯s Chocolate Vanilla Swiss Rolls,1
Quick Bike Saddle Tube Waterproof Under,1
Quantity/Weight: 16 x 400g,1
Quantity ¨C 85g,1
Quantity ¨C 70 g format,1
Quantity ¨C 608 grams,1
Quantity ¨C 595 grams,1
Quantity ¨C 50 grams,1
Quantity ¨C 400g,1
Quantity ¨C 400 grams,1
Quantity ¨C 383g,1
Quantity ¨C 300 grams,1
Quantity ¨C 284 grams,1
Quantity ¨C 273 grams,1
Quantity - 796ml,1
Quantity - 6 x 113 g (678 g),1
Quantity - 510g,1
Quantity - 454g,1
Quantity - 400g,1
Quantity - 383g/10 Count,1
Quantity - 300g,1
Quantity - 12 x 8g,1
Quality cube Ice,1
Quality Fast Foods Super Loaded Sub,1
Quality Fast Foods Our Super Pizza Sub,1
Quality 1/4 LB Cheeseburger,1
QualitChoice Gold Foil Leaf Holiday Cake Dessert Pastry Candy Fondant Muffins Flakes Home Bakery Food Dishes Coffee Decoration DIY Silver 3Set,1
QualitChoice 1/2/3/5 Pack of 100 Twists Ties Wire Festival Party Birthday Cake Gifts Bag Biscuits Cookies Favors Candy Pack Accessories 6cm 5PCS,1
QualitChoice 1/2/3/5 Pack of 100 Twists Ties Wire Festival Party Birthday Cake Gifts Bag Biscuits Cookies Favors Candy Pack Accessories 6cm 1 Pc,1
Quadratini Dark Chocolate250g,1
Qiopertar ?conomisez Tout le riz de bl¨¦ seau mural de stockage de riz hors m¨¨tre Livraison gratuite jusqu'¨¤ 5 $cette semaine,1
Qiopertar ?conomisez Spatule spatule ¨¤ pizza ¨¤ large bouche spatule ¨¤ steak spatule antiadh¨¦sive spatule ¨¤ cr¨ºpes Livraison gratuite jusqu'¨¤ 5 $cette semaine Livraison gratuite,1
Qiopertar ?conomisez Sir¨¨ne cuill¨¨re ¨¤ caf¨¦ en acier inoxydable tasse suspendue cuill¨¨re ¨¤ caf¨¦ cuill¨¨re color¨¦e Livraison gratuite jusqu'¨¤ 5 $cette semaine Livraison gratuite,1
Qiopertar ?conomisez Porte - Cupcake avec couvercle 10 pouces poign¨¦e transparente porte - Cupcake avec couvercle Offres pour moins de 5 $cette semaine Livraison gratuite,1
Qiopertar ?conomisez Plantes de jardin dispositif d'arrosage int¨¦rieur automatique cygne mignon escargot cygne verre Livraison gratuite jusqu'¨¤ 5 $cette semaine Livraison gratuite,1
Qiopertar ?conomisez Planche de surf slide pad multicolore optionnel planche de surf slide pad Eva Yacht slide pad Livraison gratuite jusqu'¨¤ 5 $cette semaine Livraison gratuite,1
Qiopertar ?conomisez Nouveau enfants couverts b¨¦b¨¦ couverts ensemble de deux pi¨¨ces Livraison gratuite jusqu'¨¤ 5 $cette semaine,1
Qiopertar ?conomisez Grille de barbecue ronde en acier inoxydable avec barbecue ¨¦pais et grille 304 grill Mesh Livraison gratuite jusqu'¨¤ 5 $cette semaine Livraison gratuite,1
Qiopertar ?conomisez Feuilles de tortue Fudge Cake Decoration Chocolate Sugar Craft outils de cuisson Livraison gratuite jusqu'¨¤ 5 $cette semaine,1
Qiopertar ?conomisez DIY Baking Fudge cake outils de cuisson cake lacets Livraison gratuite jusqu'¨¤ 5 $cette semaine,1
Qiopertar ?conomisez Connecteur enti¨¨rement automatique sans fil d¨¦nud¨¦ Livraison gratuite jusqu'¨¤ 5 $cette semaine,1
Qiopertar ?conomisez Chocolate cake Jelly pudding savon trou rond Livraison gratuite jusqu'¨¤ 5 $cette semaine,1
Qiopertar ?conomisez Chocolat sucre tournage moule 6 cavit¨¦s coeur moule bricolage chocolat Cupcake muffin moule de cuisson Livraison gratuite jusqu'¨¤ 5 $cette semaine Livraison gratuite,1
Qiopertar ?conomisez Chocolat bonbons moule g?teau brownie moule de cuisson Livraison gratuite jusqu'¨¤ 5 $cette semaine,1
Qiopertar ?conomisez Bo?te ¨¤ crayons grande capacit¨¦ en plastique bo?te transparente avec couvercle Design empilable Offres pour moins de 5 $cette semaine Livraison gratuite,1
Qiopertar ?conomisez Armoire de verrouillage magn¨¦tique pour enfants b¨¦b¨¦ tiroir invisible Lock cuisine Livraison gratuite jusqu'¨¤ 5 $cette semaine Livraison gratuite,1
Qiopertar ?conomisez Anniversaire Digital cake Pizza Pot cuisson g?teau pain cuisine DIY moule Livraison gratuite jusqu'¨¤ 5 $cette semaine,1
Qiopertar ?conomisez Accueil Cuisine nutrition cuill¨¨re balance nouveau pet Food cuill¨¨re pesage balance ¨¦lectronique cuill¨¨re cuisine de pr¨¦cision Baking Scale ?conomisez jusqu'¨¤ 90%,1
Qiopertar ?conomisez 80mm Mini plastique ¨¦tudiant curseur coulissant caliper outil de mesure Livraison gratuite jusqu'¨¤ 5 $cette semaine,1
Qiopertar ?conomisez 50 sachets de th¨¦ vides Brochettes de papier filtre thermique Grass Pine Tea Pack Livraison gratuite jusqu'¨¤ 5 $cette semaine Livraison gratuite,1
Qiopertar ?conomisez 10pc boucle fixe escalade porte - fleurs poteau connexion boucle Livraison gratuite jusqu'¨¤ 5 $cette semaine,1
Qiopertar liquidation 5 en 1 r¨¦cipient d'¨¦pices et poivre Shaker Clear Flavor Shaker Peut filtrer le pot d'¨¦pices en bloc pour la cuisine de la maison Restaurant cuisson steak Grill,1
Qiopertar Villain Tea Craft filtre silicone Tea Craft s¨¦parateur Tea Craft Office Tea Craft Creative nouveaut¨¦ Tea Craft filtre moins de 5 $?conomisez jusqu'¨¤ 90%,1
Qiopertar Vente de liquidation Appropri¨¦ ¨¤ l'agrafe multifonctionnelle de cachetage de sac de nourriture de poudre de caf¨¦ Quatre cuill¨¨res deux de caf¨¦ dans une cuill¨¨re de mesure de lait en poudre,1
Qiopertar Vaporisateur de chaleur ¨¦lectrique BBQ po¨ºle ¨¤ frire huile d'olive vaporisateur bouteille de vaporisateur domestique vaporisateur r¨¦ducteur de brouillard,1
Qiopertar Ustensiles de cuisine bouteille d'assaisonnement bouteille de sauce tomate bouteille de sauce salade bouteille de brosse ¨¤ huile bouteille de sauce soja bouteille d'huile,1
Qiopertar Split Service Tray portable snack box avec couvercle et poign¨¦e Deli Container Sealed snack Box pour pique - nique Fun Party moins de 5 $?conomisez jusqu'¨¤ 90%,1
Qiopertar Spatule Hot cake cr¨¨me beurre spatule agitation grattoir moins de 5 $?conomisez jusqu'¨¤ 90% Clearing livraison gratuite,1
Qiopertar Shaker de prot¨¦ine ¨¦lectrique Shaker ¨¦lectrique avec bo?te ¨¤ poudre tasse de m¨¦lange enti¨¨rement automatique moins de 5 $?conomisez jusqu'¨¤ 90% Clearing livraison gratuite,1
Qiopertar R¨¦cipient en verre avec couvercle et cuill¨¨re bol ¨¤ poivre Pot d'¨¦pices avec cuill¨¨re r¨¦tractable et couvercle ¨¦tanche ¨¤ l'air pour conserver le sucre paprika Herbal Powder pour la cuisine,1
Qiopertar Pot aromatisant bo?te aromatisante tout - en - un ¨¤ quatre chambres maison pot aromatisant cuisine pot aromatisant stockage scell¨¦ pot aromatisant moins de 5 $?conomisez jusqu'¨¤ 90%,1
Qiopertar Porte - Cupcake avec couvercle 10 pouces poign¨¦e transparente porte - Cupcake avec couvercle Clearing livraison gratuite Liquidation sp¨¦ciale cette semaine,1
Qiopertar Plaquettes biscuits - plaquettes de cuisson antiadh¨¦sives - plaquettes de cuisson faciles ¨¤ nettoyer et r¨¦utilisables pour la fabrication de biscuits - biscuits,1
Qiopertar Moins de 5$ R¨¦cipient en verre avec couvercle et cuill¨¨re bol ¨¤ poivre Pot d'¨¦pices avec cuill¨¨re r¨¦tractable et couvercle ¨¦tanche ¨¤ l'air pour conserver le sucre paprika Herbal Powder po,1
Qiopertar Moins de 5$ Rouleau de vinyle HTV repass¨¦ sur vinyle pour une couleur de contour facile ¨¤ couper les mauvaises herbes Offre de livraison gratuite cette semaine,1
Qiopertar Moins de 5$ M¨¢quina de incienso totalmente autom¨¢tica m¨¢quina de incienso de escritorio dom¨¦stica aceite esencial interior comercial del Hotel (solo aceite esencial: 50ml),1
Qiopertar Moins de 5$ Manucure bicolore solide miroir poudre carr¨¦ bicolore ongle miroir poudre titane poudre Offre de livraison gratuite cette semaine,1
Qiopertar Moins de 5$ Chrysanth¨¨me Lock collier huile de tournesol goutte pendentif double couche peut ouvrir le collier de tournesol Offre de livraison gratuite cette semaine,1
Qiopertar Moins de 5$ Brosse ¨¤ huile haute temp¨¦rature ¨¤ r¨¦action brosse ¨¤ huile avec bouteille cuisine cr¨ºpes barbecue boulangerie qualit¨¦ alimentaire int¨¦gr¨¦ verre brosse ¨¤ huile bouteille,1
Qiopertar Moins de 5$ Bouilloire cuisine sans huile maison bouteille d'huile ¨¦paissie huile de cuisson verre sp¨¦cial aromath¨¦rapie bouilloire Cuisine Restaurant bouteille d'¨¦pices,1
Qiopertar Moins de 5$ Arbre de No?l Sweet pot arbre de No?l enfants snacks biscuits bo?te de bonbons Offre de livraison gratuite cette semaine,1
Qiopertar Moins de 5$ Accueil haute temp¨¦rature brosse ¨¤ huile avec bouteille cuisine qualit¨¦ alimentaire barbecue cuisson - une bouteille de brosse ¨¤ huile,1
Qiopertar Moins de 5$ 5 en 1 r¨¦cipient d'¨¦pices et poivre Shaker Clear Flavor Shaker Peut filtrer le pot d'¨¦pices en bloc pour la cuisine de la maison Restaurant cuisson steak Grill,1
Qiopertar Liquidation Une bouteille de brosse ¨¤ huile avec bouteille brosse ¨¤ huile Offres pour moins de 5 $cette semaine,1
Qiopertar Liquidation Pot d'assaisonnement ¨¤ quatre compartiments pot d'assaisonnement multifonctionnel Home ingredient combo set pot d'assaisonnement,1
Qiopertar Liquidation Chrysanth¨¨me Lock collier huile de tournesol goutte pendentif double couche peut ouvrir le collier de tournesol Offres pour moins de 5 $cette semaine,1
Qiopertar Liquidation Cabine t¨¦l¨¦phonique int¨¦rieure pour les personnes ?g¨¦es petite lampe ¨¤ huile H?tel sc¨¨ne arrangement ornement lumineux Offres pour moins de 5 $cette semaine,1
Qiopertar Liquidation Brosse ¨¤ huile haute temp¨¦rature ¨¤ r¨¦action brosse ¨¤ huile avec bouteille cuisine cr¨ºpes barbecue boulangerie qualit¨¦ alimentaire int¨¦gr¨¦ verre brosse ¨¤ huile bouteille,1
Qiopertar Liquidation Bouilloire cuisine sans huile maison bouteille d'huile ¨¦paissie huile de cuisson verre sp¨¦cial aromath¨¦rapie bouilloire Cuisine Restaurant bouteille d'¨¦pices,1
Qiopertar Liquidation Bac ¨¤ bonbons de paille de bl¨¦ bac ¨¤ fruits ¨¤ coques bac ¨¤ fruits rond bac ¨¤ fruits secs carr¨¦ couleur unie snack snack snack snack bac ¨¤ bonbons snack bac r¨¦cepteur,1
Qiopertar Liquidation Accueil haute temp¨¦rature brosse ¨¤ huile avec bouteille cuisine qualit¨¦ alimentaire barbecue cuisson - une bouteille de brosse ¨¤ huile,1
Qiopertar Les lacunes Un ensemble pratique de spatules pour manger la derni¨¨re goutte de r¨¦cipient difficile ¨¤ atteindre Offres pour moins de 5 $cette semaine ?conomisez jusqu'¨¤ 90%,1
Qiopertar Les lacunes Sir¨¨ne cuill¨¨re ¨¤ caf¨¦ en acier inoxydable tasse suspendue cuill¨¨re ¨¤ caf¨¦ cuill¨¨re color¨¦e Offres pour moins de 5 $cette semaine ?conomisez jusqu'¨¤ 90%,1
Qiopertar Les lacunes Porte - cl¨¦s f¨ºte des p¨¨res a porte - cl¨¦s en acier inoxydable pour p¨¨re 30mm Offres pour moins de 5 $cette semaine ?conomisez jusqu'¨¤ 90%,1
Qiopertar Les lacunes Pain rond anti - contrefa?on panier tissu doublure de p?te aigre banneton tissu anti - contrefa?on naturel rotin cuisson p?te panier housse ?conomisez jusqu'¨¤ 90%,1
Qiopertar Les lacunes Cireuse ¨¤ chaussures ¨¦lectrique brosse machine ¨¤ chaussures portable kit d'entretien du cuir Offres pour moins de 5 $cette semaine ?conomisez jusqu'¨¤ 90%,1
Qiopertar Flash Deals of the Day Segmented Candy Box Household Nut Box Dried Fruit Box Living Room Snack Box Plastic Fruit Box Snack Box up to 65% off Gifts Clearance,1
Qiopertar Flash Deals of the Day New Compartment Fruit With Lid Platter Household Candy Box Living Room Fruit Platter Snack Dried Fruit Box up to 65% off Gifts Clearance,1
Qiopertar Flash Deals of the Day Fruit Tray Clear Snack Display Tray Candy Snack Tray Nut And Dried Fruit Storage Box Snack Tray For Kitchen And Party Food And Pantry Organization,1
Qiopertar Flash Deals of the Day Candy Box Nut Snack Organizer Melon Dried Fruit Tray With Lid Compartment Storage Box Nut And Dried Fruit Organizer Snack Tray For Kitchen And Parties,1
Qiopertar Filtre ¨¤ caf¨¦ filtre pliable en acier inoxydable pour toute tasse moins de 5 $?conomisez jusqu'¨¤ 90% Clearing livraison gratuite,1
Qiopertar Cuill¨¨re ¨¤ huile de filtre en acier inoxydable cuill¨¨re ¨¤ huile de filtre multifonction en acier inoxydable maille fine filtre ¨¤ huile moins de 5 $?conomisez jusqu'¨¤ 90%,1
Qiopertar Clearance Home Decor Segmented Candy Box Household Nut Box Dried Fruit Box Living Room Snack Box Plastic Fruit Box Snack Box under $2 Saving Up To 99% Off,1
Qiopertar Clearance Home Decor Portable Snack Platter Compartmentalized Storage Snack Candy Box under $2 Saving Up To 99% Off,1
Qiopertar Clearance Home Decor Popsicle Holders Bags Reusable Washable Ice Popsicle Holders 10pc under $2 Saving Up To 99% Off,1
Qiopertar Clearance Home Decor Kitchen Pot And Seasoning Bottle Sea Pepper Powder Telescopic Seasoning Can Spoon Cover Integrated under $2 Saving Up To 99% Off,1
Qiopertar Clearance Home Decor Human Shaped Tea Filter Tea Making Machine Stainless Steel Tea Glass Tea Making Machine Tea Filter Creative Tea Glass under $2 Saving Up To 99% Off,1
Qiopertar Clearance Home Decor Fruit Tray Clear Snack Display Tray Candy Snack Tray Nut And Dried Fruit Storage Box Snack Tray For Kitchen And Party Food And Pantry Organization,1
Qiopertar Clearance Home Decor Dinosaur Tea Maker Stock Dragon Tea Bag Tea Filter under $2 Saving Up To 99% Off,1
Qiopertar Clearance Home Decor Cream Horn Model Stainless Steel Roll Flared Danish Croissant Model under $2 Saving Up To 99% Off,1
Qiopertar Clearance Home Decor Coffee Cup Filter Screen Double-layer Portable Hand Brewed Coffee Folding Ear Filter Drip Coffee Coffee Cup under $2 Saving Up To 99% Off,1
Qiopertar Clearance Home Decor Birthday Cake Baking Decoration Aerospace 3-piece Set Astronaut Astronaut Star System Cake Decoration Car Decoration On Clearance Early Access Deals,1
Qiopertar Clearance Free Shipping Whole Grains Rice Bucket Wall-Mounted Rice Storage Tank Out Rice under $5 Saving Up To 90% Off,1
Qiopertar Clearance Free Shipping Portable Snack Platter Compartmentalized Storage Snack Candy Box under $5 Saving Up To 90% Off,1
Qiopertar Clearance Free Shipping Love Ice Cream Popsicle Making Popsicle Stick Ice Cream under $5 Saving Up To 90% Off,1
Qiopertar Clearance Free Shipping Lollipop Silica Gel Can Be Reused The Silica Gel Is Matched With The Lollipop under $5 Saving Up To 90% Off,1
Qiopertar Clearance Free Shipping Kitchen Superfine Nylon Mesh Filter Plastic Sieve Fine Mesh With Handle Kitchen Tools For Soy Milk Coffee Milk Yogurt Juice Tea Filter Honey Wine,1
Qiopertar Clearance Free Shipping DIY Ice Cream Making Ice Box Popsicle under $5 Saving Up To 90% Off,1
Qiopertar Clearance Free Shipping Cream Horn Model Stainless Steel Roll Flared Danish Croissant Model under $5 Saving Up To 90% Off,1
Qiopertar Clearance Free Shipping Coffee Filter Cup Drip Cup Hand-brewed Coffee Cup Drip Filter Coffee Filter Cup For Hiking Camping Home Office under $5 Saving Up To 90% Off,1
Qiopertar Clearance Free Shipping Candy Box Nut Snack Organizer Melon Dried Fruit Tray With Lid Compartment Storage Box Nut And Dried Fruit Organizer Snack Tray For Kitchen And Parties,1
Qiopertar Clearance 65% Off Segmented Candy Box Household Nut Box Dried Fruit Box Living Room Snack Box Plastic Fruit Box Snack Box Great gifts for less Savings,1
Qiopertar Clearance 65% Off Cheese Cream Cake Cheese Cheese Shape Great gifts for less Savings,1
Qiopertar Brosse ¨¤ huile haute temp¨¦rature ¨¤ r¨¦action brosse ¨¤ huile avec bouteille cuisine cr¨ºpes barbecue boulangerie qualit¨¦ alimentaire int¨¦gr¨¦ verre brosse ¨¤ huile bouteille,1
Qiopertar Brosse ¨¤ bouteille d'huile droite opaque barbecue barbecue brosse ¨¤ huile avec brosse gradu¨¦e outils de cuisine moins de 5 $?conomisez jusqu'¨¤ 90% Clearing livraison gratuite,1
Qiopertar Bouilloire cuisine sans huile maison bouteille d'huile ¨¦paissie huile de cuisson verre sp¨¦cial aromath¨¦rapie bouilloire Cuisine Restaurant bouteille d'¨¦pices,1
Qiopertar Big holiday Savings! Thanksgiving Maple Chocolate DIY Chocolate Baking Clearance Saving Up To 65% Off,1
Qiopertar Big holiday Savings! DIY 4 Homemade Ice Cream Chocolate Candy With 20 Wooden Sticks Clearance Saving Up To 65% Off,1
Qiopertar Big holiday Savings! 100pcs Empty Teabags String Heat Filter Paper Herb Loose Tea Bag Clearance Saving Up To 65% Off,1
Qiopertar Bac ¨¤ snacks portatif compartiment de stockage snacks Candy box moins de 5 $?conomisez jusqu'¨¤ 90% Clearing livraison gratuite,1
Qiopertar 50 sachets de th¨¦ vides Brochettes de papier filtre thermique Grass Pine Tea Pack moins de 5 $?conomisez jusqu'¨¤ 90% Clearing livraison gratuite,1
Qiopertar 5 en 1 r¨¦cipient d'¨¦pices et poivre Shaker Clear Flavor Shaker Peut filtrer le pot d'¨¦pices en bloc pour la cuisine de la maison Restaurant cuisson steak Grill,1
"Qiopertar 4 compartiments r¨¦frig¨¦rateur snack Box conteneur avec couvercle compartiment plateau transparent r¨¦frig¨¦rateur bo?te de r¨¦ception plastique conteneur de stockage des aliments snack fruit,",1
Qiopertar 280ml brosse couvercle tout - en - un brosse bouteille d'huile r¨¦sistant ¨¤ la chaleur qualit¨¦ alimentaire barbecue brosse de cuisson huile contr?le verre bouilloire,1
Qaailabf Clearance Sales Today Deals Prime Kitchen Pot and Seasoning Bottle Sea Pepper Powder Telescopic Seasoning Can Spoon Cover Integrated,1
Qaailabf Clearance Sales Today Deals Prime Dispenser Snacks of Dispenser Portable Snacks Sweets 9.5 Ounces for Dispenser Snacks Less Than 0.7 Inch,1
QUINTA QUINOA,1
QFF Super Pizza Sub 316 G,1
QFF Super Loaded Sub 316 G,1
Purple S/M,1
Pure solid milk chocolate with popping candy,1
Pure leaf Blackberry Iced Tea 547ml,1
Pure Quebec Maple syrup,1
Pure Pressed1.54 Litre,1
Pumpkin Spice Latte828 Millilitre,1
Pumpkin Spice Latte1.54 Litre,1
Pumpkin Seed Oil Cucurbita Pepo Pure Pumpkin Seed Oil For Hair Unrefined For Face For Cooking Pure Natural Cold Pressed 630ml 21oz By R V Essential,1
Pumpkin Seed Oil Cucurbita Pepo Pure Pumpkin Seed Oil For Hair Unrefined For Face For Cooking Pure Natural Cold Pressed 300ml 10oz By R V Essential,1
Pumpkin Seed Oil Cucurbita Pepo Pure Pumpkin Seed Oil For Hair Unrefined For Face For Cooking Pure Natural Cold Pressed 1250ml 42oz By R V Essential,1
Pumpkin Seed Oil Cucurbita Pepo Pure Pumpkin Seed Oil For Hair Unrefined For Face For Cooking Pure Natural Cold Pressed 10ml 0.338oz By R V Essential,1
Pumpkin Seed Oil Cucurbita Pepo Pure Pumpkin Seed Oil For Hair Unrefined For Face For Cooking Pure Natural Cold Pressed 100ml 3.38oz By R V Essential,1
Pumpkin Flax Granola,1
Pulp Free1.54 Litre,1
Pulled Pork Mac & Cheese,1
Puffed Wheat400g,1
Puff Pastry Sheets PY GF,1
Pr¨¦sident Comt¨¦ Le Montarlier Cheese,1
Provides 10g of protein,1
Protein650g,1
Prosciutt-Cheese Tort 2x225g,1
ProactivChia Whole Black Chia Seeds 284g,1
Pro+ Vanilla,1
Pro+ Strawberry,1
Printer Ink Printpen Handheld Diy Patterns Art Diy 18ml Portable Coffee Art Ink 18ml Ink - Art,1
Printed Kitchen Oil Barrier High Temperature Aluminum Foil Oil Baffle,1
Prince Edward County Baked Beans,1
Primo Passata di Pomodoro Strained Tomatoes Pasta Sauce,1
Prima Marketing CP635-381 Buckram Binding Redesign Chalk Paste,1
Prima Marketing CP635-336 Lark Green Redesign Chalk Paste,1
Pride of India ¨C Tikka Curry Masala Seasoning Spice ¨C Gourmet Curry Mix ¨C Ideal for Vegetarian and Meat Dishes ¨C Natural & GMO Free ¨C Easy To Use - 7 oz. Medium Dual Sifter Jar,1
Pride of India ¨C Green Cardamom Whole ¨C Gourmet & Aromatic Spice ¨C Flavoring agent for bakes/teas/drinks & more ¨C Full Bodied Green Pods ¨C 6 oz. Medium Dual Sifter Jar,1
Pride of India ¨C Fenugreek Seed Whole ¨C Whole & Gourmet Indian Spice ¨C Ideal Seasoning for Cooking ¨C Free of Preservatives ¨C Easy to Use ¨C 12 oz. Medium Dual Sifter Jar,1
Pride of India ¨C Black Mustard Seed ¨C Gourmet & Vegan Indian Spice ¨C Pungent/Spicy Flavor ¨C Dry Seasoning - Gluten & GMO Free ¨C Easy to Use ¨C 12 oz. Medium Dual Sifter Bottle,1
Previously Frozen500g,1
Previously Frozen190g,1
Previously Frozen150g,1
"Previous price: 
3 for
Current price: EA",1
,
"Previous price: 
2 for
Current price: EA",1
,
Pretzel227g,1
Prestige Large White Eggs,1
Prepared in Canada,1
Premium ¨C First Cold Press,1
Premium Thick908g,1
Premium Roasted Seaweed Sea Salt 6pk,1
Premium Roasted Seaweed Extra Virgin Olive Oil 6pk,1
Premium Range Blonde | Light and Refreshing Lager-Style Beer (1.5 kg | 3.3 Lb),1
Premium Koshihikari short grain japonica rice,1
Premium Ham Bone1 Each,1
Premium Family Pack,1
Premium Breaded Fish Sticks,1
Premium Breaded Fish Nuggets,1
Premium Breaded Fish 2oz Portions,1
Premium 425ml,1
Prairie Gold Sunflower450g,1
Power Crunch - High Protein Energy Wafer Bar Peanut Butter Fudge - 1.4 oz.,1
Power Cakes Blueberry FJ & Waffle Mix 510g,1
Powder Spreading Bot Deals of the Day Clearance Prime,1
Powder Spreading Bot Daily Deals Clearance Deals of Today #29,1
Powder Spreading Bot Clearance up to 70% off Weekly Flyer Deals Winter Savings,1
Powder Spreading Bot Clearance Flyer Deals Weekly Flyer Deals Black&Friday Deals,1
Powder Spreading Bot Christmas Gifts up to 70% off Hottest Deals,1
Poudre pour faire trempette,1
Potato sticks 280g,1
Potato Salad w/Deviled Egg,1
Potato Egg and Sausage200g,1
Potato Crusted330g,1
Potato Chips Ripple Salted KFP,1
Potato Buttermilk450g,1
Post Sugar Crisp Cereal 550g,1
Post Shreddies Original Cereal 440g,1
Post Honey Bunches of Oats With Almond Cereal 340g,1
Post Fruity Pebbles 311g,1
Post Cranberry Almond Crunch Jumbo Size,1
Post Cocoa Pebbles 311g,1
Portable Trimmer Shoulder Strap Universal Mower Shoulder Harness Adjustable Trimmer Shoulder String for Lawn Mower Wire Trimmer Garden,1
Portable Jewelry Case Antique Gift Ring Case Sundries Storage Box Vintage Pirate Chest,1
Porous Portable Permanent 58MM Espresso Machines Double Cup,1
Pork fondue,1
Pork Riblets 2 kg pail,1
Pork Fatback - random weight,1
Pork & Veg Mini Wonton,1
Popsicle Bags Homemade Ice Bags for Fruit Smoothies Ice Candy Pops Juice 20 Pieces,1
Poppyseed237 Millilitre,1
Popcorn Snacks,1
Popcorn Chk,1
Popcorn Chicken700g,1
Popcorn Chicken560g,1
Pop! Vinyl: Harry Potter S5: Hedwig,1
Pop Vinyl Harry Potter S1,1
Pop Ups Flow Pack,1
Pomelo honey,1
Pomelo Honey,1
Pollock FIllets KPY,1
Pollo Chicken355g,1
Polar Eclipse Ice Cream,1
Plum spread,1
Plochman's Rubbed Oregano,1
Playset For Age 3 Years and Up Pretend Food Playset Salmon sashimi,1
Plastic Multipurpose Manual Cake Airbrush For Pastry For Chocolate Rose Red,1
Plastic Flavor Rings Fruity Flavor Promote Drink Flavour Pods Aroma Rings Hot ¦Ø¦Å,1
Plastic Clear High Heel Shoe Chocolate Mould DIY Cake Candy Molding Make Tool,1
Planters In Shell Roasted Peanuts,1
Planters Dry Roasted Peanuts,1
Planters Deluxe Salted Mixed Nuts,1
Planters Craft Bar Mix,1
Plant-Based Thai Stir-Fry,1
Plant-Based Shawarma Bites,1
Plant-Based Butter Chik'n Bites,1
Plant-Based Beverage 1.89l,1
Plant-Based Asian Dumplings,1
Plant-Based 1.89l,1
Plant Based Kefir Raspberry,1
Plain750g,1
Plain400g,1
Plain200g,1
Plain1.5kg,1
Plain1 Litre,1
Plain drinkable yogurt,1
Plain Paratha,1
Plain Naan comes in packs of 10 naans,1
Plain Crumpets,1
Pizza cheese,1
Pizza Sub,1
Pizza,1
PittedStuffed With Feta100g,1
Pitted340g,1
Pitted Medium398 Millilitre,1
Pistachios with no shells,1
Pistachio Kulfi,1
Pinwheel Bubble Wand Bubble Blower And Pinwheel Spinner For Kids For Outdoor,1
Pink3 Each,1
Pink20g,1
Pink Xl,1
Pink Salmon Fillets KPY,1
Pink M,1
PineappleMango and Sliced Bananas600g,1
Pineapple Splash355 Millilitre,1
Pineapple Mango,1
Pineapple + Passionfruit12 Each,1
Pineapple,1
Pillsbury? Ready to Bake!? Sugar Cookies Snowman,1
Pillsbury? Ready to Bake!? Cutout Cookies Gingerbread,1
Pillsbury? Holiday Premium Edition Cookie Dough Lucky Charms,1
Pillsbury ? Candy Cane Flavoured Sugar Cookie Dough,1
Pillsbury Ready To Bake Sugar Cookies Sweet Hearts,1
Pillsbury Ready To Bake Cutout Sugar Cookies Heart,1
Piller¡¯s Charcuterie Red Wine Salami,1
Pike Place Roast8 Each,1
Piezas de bloques de construcci¨®n de juguetes para cocina Mini comida Pizza patatas fritas pastel postre galletas de Chocolate ladrillo de ensamblaje MOC,1
Pieces & Stems284 Millilitre,1
Pieces & Stems12 Each,1
Pickles 7-9 King Size Brine Cucumber,1
Pickled in Oil,1
Pickled Onions,1
Philadelphia Original Cream Cheese Product,1
Philadelphia Light Cream Cheese,1
Pfm350v,1
Pesto Large8 Each,1
Persimmon Ruyi Travel Tea Set Will Sell Gifts at Hand Insurance Company Gifts a Kung Fu Tea Set,1
Perma Blend Apricot 1/2oz,1
Perfection Skim Milk 4l,1
Perfection Milk 2% 4l,1
Perfection 2% Choc Milk 1l,1
Perfect for entertaining.,1
Perfect for any recipe.,1
Pereg Bulgur Farro Italian Superfood is completely natural and pareve.,1
Pepsi Zero Sugar 1l,1
Pepsi Flavour for SodaStream,1
Peppers & Onions Spaghetti Sauce.650 Millilitre,1
Peppers & Onions Spaghetti Pasta Sauce,1
Pepperoni685g,1
Pepperoni395g,1
Pepperoni318g,1
Pepperoni Sticks 600g,1
Pepperoni Pizza,1
Pepperoni Pesto360g,1
Pepperoni & Cheese Snack 150g,1
Pepperoni & Cheese 765g,1
Pepperoni,1
Peppered85g,1
Peppercorn150g,1
Penne Rigate Pasta700g,1
Penne Rigate Pasta375g,1
Penne Rigate Pasta340g,1
Penne Rigate,1
Penne Mezzanelli Rigate500g,1
Peggybyg 1/4/6 PCS Coffee Filters Eco-Friendly Refillable Coffee Pods for Keurig 1.0/2.0,1
Peeled & Deveined340g,1
Pecan Crunch6 Each,1
Pecan Crunch210g,1
Pearl Couscous and Chickpeas160g,1
Peanut6 Each,1
Peanut210g,1
Peanut free biscuits.,1
Peanut butter and milk chocolate 595g,1
Peanut Value Pack980g,1
Peanut Butter Shapes Chocolates595g,1
Peanut Butter & Jelly Flavour Bar50g,1
Peanut Butter & Honey Bar50g,1
Peaches and Cream Whole Kernel Corn Graves,1
Peach547 Millilitre,1
Peach1.75 Litre,1
Peach Plant Based Snack,1
Peach Perfect355 Millilitre,1
Peach Pear Carrot Bar37g,1
Peach Mango Tofu Dessert 2x150g,1
Peace Tea Ras. 1.75LT,1
Peace River Liquid Honey 500g,1
Peace River Creamed Honey 500g Jar,1
Paw Patrol lunch box cookies,1
Paw Patrol Mini Cookie Kits,1
Pav Bhaji Masala,1
Pastry filled with savoury Jalapeno and cheese,1
Pasta with Tomato Sauce,1
Pasta with Pesto Sauce,1
Pasta with Mushroom Sauce,1
Pasta Salad w/ bacon and ranch,1
Party Size900g,1
Party Cake Decoration Sequins DIY Balloon Sparkling Confetti Decorative Outdoor Anniversary Handicraft Handmade Outdoor Engagement Festival Type 2,1
Partly Skimmed4 Litre,1
Partly Skimmed Milk 1% 2l,1
Parmesan6 Each,1
Parmesan250g,1
Parmesan175g,1
Parmesan125g,1
Parmesan Light250g,1
Paperless Coffee Dripper Coffee Accessories Filtration with spoons for Indoor Black,1
Paneer Kulcha,1
Pancakes wrapped (5 x 2),1
Pan Non Stick Reducing Cooking Mat Oven Baking Tray Sheets Subscribe to Save,1
Painting Listing 5d Diy Cat Rhinestone Art Kits Gift Home Decoration,1
Pagoda Fuselage Stainless Steel Oil Can For Home For Kitchen For Cook,1
Pad Thai Rice Noodles 300g,1
Pad Thai,1
Packaged Gravy and Seasonning mixes,1
Pack of 9,1
Pack of 8; 568g,1
Pack of 8; 520g,1
Pack of 8; 400g,1
Pack of 8; 376g,1
Pack of 8; 248g,1
Pack of 80,1
Pack of 8 Mini Bags8 Each,1
Pack of 75,1
Pack of 72,1
Pack of 6; 340g,1
Pack of 6; 246g,1
Pack of 5; 400g,1
Pack of 5; 380g,1
Pack of 2; 300g,1
Pack of 250,1
Pack of 24,1
Pack of 216,1
Pack of 20 Cookies,1
Pack of 18,1
Pack of 14,1
Pack of 12; 636g,1
Pack of 12; 420g,1
Pack Unbreakable Soft And Durable Bathroom Toothbrush Tumblers (pink) Jp,1
Pack Size: 118g x 6,1
PTI AMRITSARI WADI-400g,1
PT STRWBRRYmlKSHK PSTRS 384GMX12,1
PT STRWBRRY PSTRS 768GMX8,1
PT FRSTD CHRY PSTRS 384GMX12,1
PT CINN ROLL PSTRS BITES 400GMX8,1
PRK TOS,1
PRK MR DMPG,1
PRIMO TOMATO PASTE,1
PRIMO MEDIUM EGG NOODLES,1
PRIMO EXTRA BROAD EGG NOODLES,1
PRIME TROPICAL PUNCH,1
PRIME LEMON LIME,1
PRIME ICE POP,1
PRIME BLUE RASPBERRY,1
PRG CA SCRCHN BUFFLO PTO CHIPS 156GMX14,1
PRG CA HT HNY PTO CHIPS 156GMX14,1
PRG CA CHL CHSE FRS PTO CHIPS 156GMX14,1
PRG CA ALL DRSD PTO CHIPS 156GMX14,1
PRETZELS WAFFLES,1
PRETZELS,1
PRETZEL BAR,1
PREMIUM FROZEN DESSERT IN SWEET RICE DOUGH,1
PRB Superior Dark Soy 500ml,1
PP1 One Size,1
POTATO NOODLE SOUP,1
POTATO GNOCCHI,1
POTATO CHIPS FLAVOURED WUTH MIXTURE OF SPIICES,1
POTATO CHIPS FLAVOURED WITH A HINT OF MINT AND OTHER SPICES,1
POST SHREDDIES FS,1
POST RAISIN BRAN RETAIL SIZE,1
POST RAISIN BRAN JUMBO SIZE,1
POST RAISIN BRAN FAMILY SIZE,1
POST RAISIN BRAIN FAMILY SIZE,1
POST HONEYCOMB FAMILY SIZE,1
PORK ROLL ORG,1
PORK ROLL GARLIC,1
POP SALT OR PEPPER SHAKER,1
POM? 9 Grains Medium Tortillas,1
POKE COCOA 150G,1
POINTERTECK Acetate Cake Collars Acetate Roll Transparent Cake Film Recyclable Cake Sheets DIY Cake Decorating Crafting for Pudding Dessert Chocolate Mousse Cake,1
POINTERTECK 5Pcs Homemade Beer Filter Bag Brewing Boiling Herb Strainer Filtering Net Pouch,1
POINTERTECK 200ml Glass Seasoning Jar With Scale 4 Outlets Spice jars Kitchen Chili Pepper Powder Sprinkling Jar Barbecue,1
PLANTER CCKTL PNT WS,1
PL PRALIN NUT MIX,1
PL DRY RST PNT SEAS,1
PIZZA KIT 932g - 2 pizzas,1
PIZZA CHILLI,1
PIZZA BAGEL-18,1
PISTA ALMOND COOKIES,1
PINK SPRINKLES,1
"PIE SHELL 9"" 2PK",1
PHO RICE NOODLES,1
PFCHANG's DAN NDLE BWL 312G,1
PFC SWT SOUR SCE 6/350.0ml,1
PFC SK MNGLN STYLE BEEF 4/624G,1
PF CHANG'S ORANGE CKN 624G,1
PF CHANG'S GENERAL CKN 624G,1
PERRIER GRPF 8X330ml,1
PEPSI ZSR LIME,1
PEPSI ZERO CHERRY,1
PEPPER MILL/SALT SHAKER,1
PENNE RIGATE PASTA,1
PEAS CORN CARROT,1
PEAS,1
PB CHIC SMOK BAC FB,1
PB BBQ CHICK PIZZA,1
PASTRY FILLED WITH SAVOURY SPINACH AND PANEER,1
PASTA KIT 699g 2/4 servings,1
PASTA KIT 467g 2/3 servings,1
PARLEH&SBOURBONBIS,1
PARLE-G ORIGINAL GLUCO BISCUITS,1
PARLE MONACO CLASSIC REGULAR,1
PANKO CRUMB FINE,1
PANCA HOT PEPPER PASTE,1
PAN YELLOW CORN FLOR,1
PAM AVOCADO SPRAY,1
PAD THAI NOODLES,1
P'tit Qu¨¦bec Cheddar Cheese Very Mild,1
P'tit Qu¨¦bec Brick Cheese,1
P'tit Quebec Old White Cheddar 400G,1
P'tit Quebec Medium White Cheddar Cheese,1
P'tit Quebec Marble Cheddar 400G,1
Oven RoastedUnsalted250g,1
Oven RoastedFamily Size375g,1
Oven Roasted100g,1
Oven Roasted Unsalted325g,1
Outdoor Fruit Tray Clear Snack Display Tray Candy Snack Tray Nut and Dried Fruit Storage Box Snack Tray for Kitchen and Party Food and Pantry Organization,1
Outdoor Candy Box Nut Snack Organizer Melon Dried Fruit Tray with Lid Compartment Double Storage Box Nut and Dried Fruit Organizer Snack Tray for Kitchen and Parties,1
Our Finest Tiramisu Cake,1
Our Finest Strawberries & Creme Cake,1
Our Finest Omega-3 Large White Eggs,1
Our Finest Crispy Tempura Shrimp,1
Our Finest Chocolate Mousse Cake,1
Our Finest Carrot Bar Cake,1
Our Finest Breaded Coconut Shrimp,1
Our Finest Breaded Butterfly Shrimp,1
Osmanthus Mooncake Mold New Style Pressing Ice Skin Hand Pressing Household Mung Bean Cake Flow Heart Mid-Autumn Chinese Style Blossoms,1
Ortega Mild Taco Sauce 213 grm,1
Orri Mandarin,1
Oroweat Organic? 22 Grains & Seeds Bread,1
Oroweat Organic? 100% Whole Grain Bread,1
Original80g,1
Original8 Each,1
Original700g,1
Original680 Millilitre,1
Original62g,1
Original625g,1
Original6 Each,1
Original5kg,1
Original450g,1
Original443 Millilitre,1
Original440g,1
Original40g,1
Original400g,1
Original398 Millilitre,1
Original391g,1
Original375g,1
Original355 Millilitre,1
Original350g,1
Original350 Millilitre,1
Original285g,1
Original240g,1
Original226g,1
Original20 Each,1
Original1kg,1
Original170g,1
Original10kg,1
Original100 Millilitre,1
Original10 Each,1
Original1.13kg,1
Original plain yogurt,1
Original flavor flatbread,1
Original Two-Bite Vanilla Cupcakes,1
Original Two-Bite Chocolate Cupcakes,1
Original Pickle 6x360g,1
Original Party Mix,1
Original Iced Tea4 Each,1
Original Ice cream,1
Original Fully Cooked65g,1
Original Flavor 1kg,1
Original Family Size352g,1
Original Cereal460g,1
Orginal100g,1
Organics Pad Thai,1
OrganicMesh Bag85g,1
OrganicBulk100g,1
Organic810g,1
Organic50g,1
Organic500 Millilitre,1
Organic454g,1
Organic340g,1
Organic3 Pound,1
Organic284g,1
Organic1 Litre,1
Organic1 Each,1
Organic dark chocolate and shredded coconut,1
Organic cocoa infused oat bar for toddlers,1
Organic Virgin1.6 Litre,1
Organic Unsweetened Applesauce,1
Organic Traditions - Golden Berries - 16 oz.,1
Organic Traditions - Dark Chia Seeds - 16 oz.,1
Organic Sugar,1
Organic Red Grapes Master's Touch,1
Organic Mixed Fruit Gummi Bears - 75G,1
Organic Matzo - Case Of 12 - 10 Oz,1
Organic Iceberg Lettuce Foxy,1
Organic Herbal,1
Organic Halves & PiecesBulk100g,1
Organic Green,1
Organic Gala,1
Organic Fresh284g,1
Organic Coconut Water 1l,1
Organic Chicken Wings,1
Organic Chicken Bites,1
Organic Broth,1
Organic Breaded Chicken Fillets,1
Organic Boneless Skinless Chicken Breasts,1
Organic Anjou,1
Organic ACV Citrus Ginger 473ml,1
Organic,1
Org Pasta Sce,1
"Oregano Pizza Sauce 24 oz - Made with Extra Virgin Olive Oil.
Classic Italian pizza sauce is the perfect spreading consistency.
Convenient and easy to use.
Perfect for Oregano Lovers.
Gluten Free.
",1
,
Orchard Fruit5 Each,1
Orchard Fruit140g,1
OrangeRaspberry and Blueberry12 Each,1
Orange710 Millilitre,1
Orange Soda355 Millilitre,1
Orange Soda2 Litre,1
Orange Pop Plant Based Snack,1
Orange Pekoe Blend30 Each,1
Orange One Size,1
Orange Giftbox,1
Online Shopping,1
Onion Flavoured Rings125g,1
Onion & Celery96g,1
One King Size bar contains 93g of SNICKERS Peanut and Milk Chocolate Candy,1
One Bun MG 600 Gram Pack,1
One 651g HERSHEY'S S'MORES Variety Kit,1
One 578g HERSHEY'S S'MORES Classic Kit,1
One 40ml bubly drop ? bottle,1
One 155 g Resealable Bag of our Sea Salt & Pepper Wonderful Pistachios Without the Shell,1
On-the-Vine,1
Olympic100g,1
Olympic Organic Yogurt Plain 0%,1
Olivier¡¯s Milk Chocolaty Pretzel Rods,1
Olivieri pesto 160g,1
Olivieri Tomato & Mozzarella Skillet Gnocchi 280g,1
Olivieri Skillet Gnocchi Stix 280g,1
Olivieri Chs Skillet Gnocchi 540g,1
Olivieri Chicken & Bacon Sacchettini Pasta,1
Olivieri Cheese-filled Skillet Gnocchi 280g,1
Olivieri 3 Formaggi Tortellini,1
Olives Nuts & Cheese140g,1
Oliveri Skillet Gnocchi with Pesto and Mozzarella,1
Olive Sourdough Bread,1
Olive Oil141g,1
Olive Oil Mayonnaise,1
Olive Oil Dispenser Bottle Stainless Steel Oil and Dispenser Can Pot Jug 32oz,1
Oli Spin/Ricotta Cannel 540g,1
Old Fashioned6 Each,1
Old Fashioned Ketchup - Family Size235g,1
Old Dutch Cheese Pleesers,1
Old Cheddar240g,1
Okra Crisps,1
Okanagan's Original750 Millilitre,1
Oishi Prawn Crackers,1
Oikos Extra Creamy Strawberry Cheesecake 4x95g,1
Oikos Extra Creamy Strawberry Cheesecake,1
Oikos Extra Creamy Key Lime 9%,1
Oh Henry! Snack Size 375g,1
Of Tov Chicken Teddy Bites PY 907g,1
Of Tov Chicken Breast Nuggets PY 907g,1
Oberlander Party Tray Chanukah 907g,1
Oats 'n' Honey Family Pack690g,1
Oats 'n' Honey Family Pack15 Each,1
Oats 'n' Dark Chocolate210g,1
Oats 'n' Dark Chocolate10 Each,1
Oats 'N' Honey10 Each,1
Oats 'N' Honey Value Pack56 Each,1
Oats 'N' Honey Value Pack1.28kg,1
Oats & Chocolate5 Each,1
Oats & Chocolate Value Pack840g,1
Oats & Chocolate Value Pack24 Each,1
Oat Flour725g,1
Oat Chocolate Chip270g,1
Oat Base 500ml,1
OX Head Rice,1
OUSITAID Bread Box with Handle Portable Loaf Cake Container Plastic Rectangular Food Storage Keeper Carrier 13inch Translucent Dome for Pastries Bagels Bread Rolls Buns or Baguettes (W,1
OUSITAID Acetate Cake Collars Acetate Roll Transparent Cake Film Recyclable Cake Sheets DIY Cake Decorating Crafting for Pudding Dessert Chocolate Mousse Cake,1
OSI SPRK CRANMAN 6PK,1
OSI SPRK CRAN LT 6PK,1
OSI SPRK CRAN 6PK,1
OS Sprk Cran Pink 6pk,1
ORZO PASTA,1
ORIGINAL GLUCO BISCUITS,1
ORGANIC CHICK PEAS,1
ORG OOLONGGRTEA,1
ORG MATCHA GREEN TEA,1
ORG CHOC - DARK BLACKOUT - 85%,1
OREO Two-Bite Brownies,1
OREO MINI GOLDEN SNAK PAK 150G 12,1
ORANGE MC MARMALADE,1
ON 100% of net proceeds support TH Foundation Camps,1
"OMG! S'mores, Choc, S'mores,",1
OLIVE OIL ZATAR,1
OLD TOWN - WHITE COFFEE - CLASSIC,1
OLD TOWN - WHITE COFFEE - 3IN1 HAZELNUT,1
OIl,1
OH HENRY NUTTY Candy Bar 52g,1
OG LITE DRSG OG ITALIAN DRESSING,1
OD Thins Everything Bagels GF,1
OD Salt & Vinegar 235g,1
OD ECO BBQ,1
OD Deluxe Hamburger Bun GF,1
OCEAN'S HALO OH ORGANIC KIMCHI,1
OAT BARISTA BLEND,1
O'Doughs Bagels Sesame GF,1
Nutritional100g,1
Nutrilait 3.25% Lactose Free Homogenized Milk,1
Nutrilait 2% Lactose Free Milk,1
Nutrilait 1% Lactose Free Milk,1
Nutri White Eggs 30 Pack Medium,1
Nutri Ultra White Eggs 12,1
Nutri Organic Large Eggs,1
Nutri Omega-3 Large White Eggs,1
Nutri Omega 3 Large White Eggs,1
Nutri Free Run Omega-3 Large Eggs,1
Nutri Free Run Large White Eggs 18,1
Nutri Free Run Large Eggs,1
Nutless Clusters 24g/28 Raspberry,1
Nutless Clusters 24g/28 Original,1
Nutless Clusters 24g/28 Chocolate,1
Nutless Clusters 160g/12 Raspberry,1
Nutless Clusters 160g/12 Original,1
Nutless Clusters 160g/12 Chocolate,1
Nut Cracker,1
Nut & Seed Butter,1
Nrmrq Deals Silica Gel Tea Bag Tea Filter Silica Gel Tea Filter,1
Nrmrq Clearance Items Silica Gel Tea Bag Tea Filter Silica Gel Tea Filter,1
Nova White Eggs 30 Pack Medium,1
Nova Ultra White Eggs,1
Nova Medium White Eggs,1
Nova Free Run Large Eggs,1
Nova Eggs Extra Large White Eggs,1
Not Cut 3.5lbs,1
Not Cut 2.5lbs,1
Normans Greek Creamy Blends 2% Strawberry,1
Normans Greek 2%,1
Norman's Greek 2 % Vanilla Lavender Creamy Blends,1
Norman Greek NONFAT yogurt Vanilla,1
Nordic ware Quick Pop,1
Noodles Egg Fine GF KPY,1
Noodle Soup Vegetable,1
Noodle Soup Chicken,1
Nonna Pia's Organic Apple Cider Vinegar,1
Nongshim Shin Ramyun Black,1
Non-Alcohol Beer 4 Pack 4 x 440ml,1
Non Pasteurized1 Litre,1
Non GMO baked corn snack puffed in Canada.,1
Non GMO and puffed in Canada.,1
Non Alcoholic White Wine,1
No-Mess Enjoyment - Ideal for Kids & Adults,1
No cholesterol & Made from fresh coconuts 444ml,1
No artificial sweeteners and added sugar.,1
No Vacuum Pump Required,1
No Sugar Added453g,1
No Sugar Added355 Millilitre,1
No Sugar Added100g,1
No Sugar Added1.65 Litre,1
No Sugar Added Apple Blueberry4 Each,1
No Stir1kg,1
No Shells155g,1
No Salt350g,1
No Salt Harvest Select341 Millilitre,1
No Salt Added680 Millilitre,1
No Salt Added341 Millilitre,1
No Salt Added156 Millilitre,1
"No Salt Added - Classic Marinara Sauce 26 oz.
and chicken dishes.
Smooth and flavorful authentic marinara sauce.
All Natural.
Gluten Free.
",1
,
No Pulp is made with 100% pure orange juice and no added sugar.,1
No Garlic Baby Kosher Dill1 Litre,1
No Crust 300g,1
No Artificial Colours,1
Nibblers Sweet Corn-on-the-Cob,1
Newfoundland Eggs Medium White Eggs,1
Newfoundland Eggs Extra Large Brown Eggs,1
New York Pretzels 588g,1
New Reusable Coffee Capsule Pod Filter Cups Set With Spoon Brush For Dolce Gusto 2 packs,1
New Petal Long Cream Ladle,1
New England Clam Chowder515 Millilitre,1
New Drip-Proof Popsicle Rack Drip Free Ice Holder No Mess Free Frozen Treats Rack Popsicle Holder with Straw For Kids Ice Cream 4Pcs Yellow,1
New Drip-Proof Popsicle Rack Drip Free Ice Holder No Mess Free Frozen Treats Rack Popsicle Holder with Straw For Kids Ice Cream 4Pcs Red,1
New Drip-Proof Popsicle Rack Drip Free Ice Holder No Mess Free Frozen Treats Rack Popsicle Holder with Straw For Kids Ice Cream 4Pcs Green,1
New Drip-Proof Popsicle Rack Drip Free Ice Holder No Mess Free Frozen Treats Rack Popsicle Holder with Straw For Kids Ice Cream 4Pcs Blue,1
New Drip-Proof Popsicle Rack Drip Free Ice Holder No Mess Free Frozen Treats Rack Popsicle Holder with Straw For Kids Ice Cream 1PC Red,1
New Drip-Proof Popsicle Rack Drip Free Ice Holder No Mess Free Frozen Treats Rack Popsicle Holder with Straw For Kids Ice Cream 1PC Green,1
New Drip-Proof Popsicle Rack Drip Free Ice Holder No Mess Free Frozen Treats Rack Popsicle Holder with Straw For Kids Ice Cream 1PC Blue,1
New Arrival Fashion Bag For Ladies,1
Net weight: 46.7g,1
Net weight: 42g,1
Net weight: 142g,1
Net weight: 120g,1
Net weight 56g,1
Net Wt.: 380g,1
Net Wt. 204 g (17 g x 12),1
Net Weight: 142g,1
Net Weight 70g,1
Net Weight 400g,1
Net Weight 25g,1
Net Weight 1.25 Kg (250 g x 5),1
Net Weight - 90g,1
Net Weight - 225 g (7.94 oz),1
Net Weight - 100 g (3.53 oz),1
Nerds Rope 26g,1
Nerds Big Chewy Nerds,1
Neoprene Popsicle Holder Icy Pole Ice Lolly Freezer pole holder Icy pole Pop Sleeve Kids Protector,1
Neinkie Coffee Sifter Coffee Sieve Chocolate Shaker Fine Mesh Stainless Steel Container Pot Coffee Making Accessory(Silver Natural Stainless Steel Surface),1
Neilson Trutaste Lactose Free 1% Milk,1
Neilson Trutaste 2% Lactose Free Milk,1
Neilson TruTaste Lactose Free 3.25% Homogenized Milk,1
Neilson Mr. Big Chocolate Milkshake,1
Neilson 2% Protein 18g Beverage,1
Navitas Organics - Organic Freeze Dried Powder Acai - 4 oz.,1
Naural Honey,1
Naturegg Simply Egg Whites? Free Run Burnbrae Farms,1
Naturegg Omega Plus Large White Eggs,1
Naturegg Nestlaid Large Eggs,1
Naturegg Medium Organic Eggs,1
Naturegg Large Omega 3 Nestlaid Eggs,1
Naturegg Large Free Run Omega-3 Eggs,1
Nature's celebrated blend,1
Nature's Strawberries Frozen Fresh in White & Milk Chocolate,1
Nature's Pride Butter,1
Nature's Pineapple Frozen Fresh in White Chocolate & Coconut,1
Nature's Bananas Frozen Fresh in Peanut Butter & Dark Chocolate,1
Naturally wood-smoked pork sausage,1
Naturally Smoked Bacon375g,1
Naturally Flavoured Raspberry341 Millilitre,1
Naturali Melograno & Arancia6 Each,1
Naturali Limonata6 Each,1
Naturali Aranciata6 Each,1
Naturali Aranciata Rossa6 Each,1
Natural100g,1
Natural monk fruit sweetener,1
Natural flavours and colours,1
Natural Whole600g,1
Natural Slice (Edam),1
Natural Real227g,1
Natural Hardwood Smoked Whisky BBQ Ribs,1
Natural Hardwood Smoked Pork Back Ribs,1
Natural Flavour Vanilla44g,1
National Lampoon¡¯s Christmas Vacation Advent Calendar 2024 New -DIY Creative Pendant- Advent Calendar National Lampoon 24 Christmas Ornaments DIY Creative - National Lampoon Advent Calendar (24 Day),1
National Lampoon¡¯s Christmas Vaca-tion Advent Calendar 2024 New - 24 Day Christmas Vacation Advent Calendar - Advent Calendar National Lampoon 24 Gifts - National Lampoon Advent Calendar (24 Day),1
National Lampoon's Christmas Vacation Christmas Vacation Advent Calendar Calendar Contains 24 Christmas Decoration Arrival Calendar Christmas Countdown Calendar Advant Calendar_#023 A,1
National Lampoon's Christmas Vacation Christmas Vacation Advent Calendar 2024 Advent Calendar Contains 24 Christmas Arrival Calendar Christmas Countdown Calendar with Christmas Collectibles D #052 B,1
National Lampoon's Christmas Vacation Advent Calendar Gifts,1
National Lampoon's Advent Calendar Gifts,1
Nasoya Organic Tofu Firm,1
Nanak Paneer,1
Nanak Foods Fresh Paneer,1
"Nana (Spearmint) Tea This is a delicate blending of tea with mint leaves giving it a refreshing taste.
nana leaves
Kosher Parve For Passover and all year round OU-P
Box of 20 individually wrapped tea bags
Store in airtight c",1
,
Naittoop Kitchen Summer Savings 4 Or 2 Compartments Seasoning Jar Compartment Multifunctional Seasoning Can Of Spices Household Seasoning Combination Set Spice Can Of Spices Get A Spoon.,1
Naittoop Kitchen Summer Savings 4 Compartments Seasoning Jar Compartment Multifunctional Seasoning Can Of Spices Household Seasoning Combination Set Spice Can Of Spices Get A Spoon.,1
Nachos with Cheesy Dip & Salsa,1
Nacho Chips235g,1
Nacho Cheese80g,1
Nacho Cheese72g,1
Nacho Cheese370g,1
Nacho Cheese145g,1
Nacho Cheese Flavoured Halloween Treat Bags40 Each,1
Naagin Smoky Sauce,1
NUTRELA SOYA GRANULES,1
NUTRELA MINI CHUNKS,1
NS Spicy Shrimp bowl,1
NS SOUP VEGETABLE,1
NS SOUP PEA,1
NS CHAPAGETTI 4P,1
NP Heritage Flakes Eco,1
NP Crispy Rice Cereal,1
NOW Foods - NOW Solutions Pure Fractionated Liquid Coconut Oil - 16 fl. oz.,1
NOW Foods - NOW Solutions 100% Pure Moisturizing Avocado Oil - 16 fl. oz.,1
NO SUGAR KID BAR ECD,1
NO Ammonia or added parabens.,1
NIZELUK Clearance Household ice cream DIY mixed color conjoined popsicle with lid Fall Savings Clearance Sales Today Deals Prime,1
NIZELUK Clearance Home Made Ice Cream Set Box For Making Ice Cream Ice Cream Ice Cream Children's Ice Cream Stick Ice Cream Stick Fall Savings Clearance Sales Today Deals Prime,1
NF Vanilla,1
NF Strawberry,1
NF Plain,1
NESTEA Lemon 1.75L Gable Top,1
NESCAFE Sweet & Creamy Iced Original Instant Coffee Mix 16 x 16g,1
NERDS GUMMY CLUSTERS RAINBOW,1
NATURONEY ORGANIC HONEY,1
NATURE-SM TEA REGUALAR 30 BAGS,1
NATURE-SM TEA EXTRA STRENGTH,1
NAT TIKKA MASALA,1
NAT TANDOORI MASALA,1
NAT QUORMA MASALA,1
NAT PUNJABI CHANA,1
NAT MUTTON BIRYANI,1
NAT KARAHI GOSHT,1
NAT CHICKEN BIRYANI,1
NAT BUTTER CHICKEN,1
NAT BOMBAY BIRYANI,1
NARABB DIY Conjoined Ice Cream Silica Gel ice Cream,1
NARABB Coffee Cup Filter Screen Double-layer Portable Hand Brewed Coffee Folding Ear Filter Drip Coffee Coffee Cup,1
NANDOS PERINAISE HOT,1
NANDOS PERI-PERI GARLIC,1
NANAK DESI GHEE 400G,1
NAKD COCOA DELIGHT,1
NAKD BERRY DELIGHT,1
Mutti Polpa,1
Mutti Pelati,1
Mutti Concentrato,1
Mustard,1
Must-Have Egg Separator Tool,1
Mushy processed peas,1
Mushroom Rice Burger - 284G,1
Mushroom Recipe700 Millilitre,1
Mushroom & Bacon Flatbread370g,1
Multigrain275g,1
Multigrain200g,1
Multigrain bread,1
Multigrain Flour,1
Multi-Grooves Waves Easy Demoulding For Home Bakery 3 Grooves,1
Multi-Functions Waist Pack with Night Reflective Strip Large Capacity Running Pouch Waterproof Nylon Waist Bag for Sport Cycling Hiking,1
Muenster,1
Mrs. Field's White Macademia Nut Cookies,1
Mrs. Field's Chocolate Chip Cookies,1
Mrs. Dash Original Sesn Blend,1
Mrs. Dash Garlic & Herb Blend,1
Mr. Freeze Jumbo lite - 27 x 150ml,1
Mo?os de silicona con bigote para decoraci¨®n de pasteles moldes de Chocolate magdalenas galletas postres Fondant herramienta para hornear,1
Mozzarella325g,1
Mozzarella220g,1
Mozzarella16 Each,1
Mozzarella et Cheddar,1
Mozzarella - Lactose Free370g,1
Moulage en plastique Bombarda Inline Surface Float Carp Terminal de p¨ºche Tackle 15g / 20g / 25g / 30g / 40g / 50g,1
Mott¡¯s Fruitsations Juice Ice Bars Family Pack - 32 x 40ml,1
Motorcycle 22mm 28mm Hand Handlebar Handle Bar Guards Handguard For Kawasaki Kx Klx Kxf Kdx 125 150 250 450 Kx250f Kx450f Kx250,1
Mothers Magic Momos Paneer 20X350G,1
Mother's Recipe Mango Pickle Hot,1
Mother's Magic Momos Spinach & Corn 20X350G,1
Mother's Magic Momos Mushroom 20X350G,1
Mother's Magic Momos Mix Veg 20X350G,1
Morinaga Seika Ice cream Bar Cafe au Lait Flavour,1
Morinaga Seika Ice Cream Bar PariPari Bar,1
Morinaga Seika Ice Cream Bar Pakiciel,1
More than 38 pieces,1
Moose Tracks Ice Cream,1
Moong Dal Washed,1
Montreal Steak Spice188g,1
Montreal Chicken170g,1
Monterey220g,1
Montellier Sparkling Water Clementine 1l,1
Montellier Flavored Water Clementine 10x355ml,1
Monster Zero Ultra 473ml,1
Monster Ultra Rosa,1
Monster Ultra Red Can,1
Monster Mango Loco,1
Monster Energy Ultra Paradise,1
Momos Vegetable,1
Momos Chicken & Vegetable,1
Molson Exel Beer 12x355ml,1
Molde de tortilla horneado de 1-5 cargado pastel de dibujos animados modelo Diy hogar huevo escalfado amor desayuno hornear abrasivo,1
Molasses & Pork398 Millilitre,1
Molar Chewing Toy Novelty Durable Food Aggression Small,1
Mojito4 Each,1
Mocktails 4 pack of 355ml,1
Mochi (rice cake) filled with vanilla ice-cream,1
Mochi (rice cake) filled with green tea ice-cream,1
Mixed snack,1
Mixed Pack50 Each,1
Mixed Natural Dried Blue Crystal,1
Mixed Fruit1 Each,1
Mixed Berry8 Each,1
Mixed Berry170g,1
Mixed Berry Lemon 4 Pack400g,1
Mix of whole wheat orzo and other grain,1
Mix Xtreme Cheddar + Pretzel180g,1
Mistaha Youpin Jordan Judy Household Sealed Seasoning Jars Kitchen Oil Soy Sauce Salt Tank Leakproof,1
Mistaha Unbleached Dripper Filter Cone Paper Coffee Filter V Shaped Coffee Filters Pour Over Filter,1
Minute Rice Wholegrain Brown 1.2kg,1
Minute Rice White Cups 250g,1
Minute Rice Vegetable Medley Cups 250g,1
Minute Rice Quick Cook Long Grain White Rice 700g,1
Minute Rice Quick Cook Long Grain White 2.6 kg Jumbo,1
Minute Rice Quick Cook Basmati 500g,1
Minute Rice Mexican Rice Cups 250g,1
Minute Rice Long Grain & Wild Rice - Fine Herbs Cups 2x125g (250g),1
Minute Rice Jasmine Cups 250g,1
Minute Rice Fried Rice Cups 250g,1
Minute Rice Chicken & Herb Cups 2x125g (250g),1
Minute Rice Basmati Cups 250g,1
Minute Maid Zero Sugar lemonade 2.63l,1
Minute Maid Zero Sugar Strawberry lemonade 1.54l,1
Minute Maid Zero Sugar Pineapple 1.54l,1
Minute Maid Zero Sugar Fruit Punch 2.63l,1
Mint Truffle240g,1
Minis81g,1
Minis Cheddar102g,1
Minion Brownie Platter,1
Minimum net weight - 88g,1
Miniature Marshmallows,1
MiniSuper Sweet Mixed454g,1
Mini270g,1
Mini molde de silicona para tostadas bandeja Rectangular para hornear pasteles queso 1 unidad,1
Mini Wheats Low Sugar Cereal 450Gx12,1
Mini Vienna Sausages 113g,1
Mini Vanilla No Sugar Added184g,1
Mini Strawberry Flavoured Donuts,1
Mini Strawberry Flavoured Canada Day Donuts,1
Mini Seasoning Box Will Make The Humble Seasoning More Interest Deals,1
Mini Original200g,1
Mini Mermaid Donuts,1
Mini Lemon Pie Flavoured Donuts,1
Mini HERSHEY'S COOKIES 'N' CREME candy 160g 1x12,1
Mini Gingerbread Spice Donuts,1
Mini Festive Ring Donuts,1
Mini Dehydrated Marshmallows45g,1
Mini Croissant Chocolate,1
Mini Cans 22ml6 Each,1
Mini Canada Day Ring Donuts,1
Mini Babybel Original Cheese Snacks 12+2P Bonus Pack,1
Mini Babybel Gouda Cheese Snacks 6P,1
Mini,1
Minecraft Cereal 227Gx10,1
Min BkcupsGd,1
Min BkcupsBr,1
Millet & Chia Seeds320g,1
Millet & Chia Seeds260g,1
Miller's american Pasteurized Process Cheese,1
Milkfish in Corn Oil Spicy,1
Milka WHOLE HAZELNUTS,1
Milk chocolate/espresso/steamed milk energy bite,1
Milk Rolls Brioche Buns,1
Milk Chocolate525g,1
Milk Chocolate100g,1
Milk Chocolate- Milky Filling,1
Milk Chocolate with Hazelnut,1
Milk Chocolate Hazelnut90g,1
Milk Chocolate Covered Raisin,1
Milk Chocolate Covered Peanuts,1
Milk 500g,1
Milk 200g,1
Milk 2% 2LT,1
Milk 2% 1LT,1
Milk 100g,1
Mild900g,1
Mild345g,1
Mild Italian Style375g,1
Mild Italian GF 375g,1
Mild Cheddar244g,1
Mild & Tangy brown sauce 225g,1
Mike and Ike Original Fruits chewy candy,1
Mike and Ike Mega Mix chewy candy,1
Mike and Ike Berry Blast chewy candy,1
Migdal 16 Slice White cheese,1
Mid,1
Mice Steal Cheese Kitchen Dining Room Home Landscaping Rwvbm,1
Meze Fine Foods Vegetable Medley,1
Meze Fine Foods Mixed Hot Chilies,1
Meze Fine Foods Girdiniera,1
"Mexican style salad
160g",1
,
Methi Paratha,1
Methi Parantha,1
Mesquite BBQ Flavoured200g,1
Mesh3 Each,1
MesaSe Filter Mesh Coffee Basket Powder Strainer Long Handle Stainless Steel Rustproof Multipurpose Handily Gripped Filtering Net Type 1,1
MesaSe Bread Box with Handle Portable Loaf Cake Container Plastic Rectangular Food Storage Keeper Carrier 13inch Translucent Dome for Pastries Bagels Bread Rolls Buns or Baguettes (Whi,1
MesaSe 1 Set Condiment Jar Transparent Food Grade Good Seal Effect Non-Slip Base Moisture-proof Compact Clear 4 Grids Salt Pepper Seasoning Box with Spoons Home Supplies,1
Mesa Sunrise Eco,1
Mentos Spearmint Gum,1
Mentos Mint Rolls Cinnamon,1
Mentos Gum is available in other great flavours,1
Mentos Fresh Mint Gum,1
Mentos CleanBreath Wintergreen,1
Mentos CleanBreath Peppermint,1
Mentos Chewy Mint Rolls,1
Mentos Chewy Fruit Rolls,1
Men's Anti Slip Football Socks Athletic Socks for basketball Soccer Volleyball Running Trekking Hiking,1
Melona Melon ND Flavour,1
Melona Mango ND Flavour,1
Melona Mango Ice Bar. 8 x 70ml,1
Melona Honeydew Melon Ice Bar 8 x 70ml,1
Melona Coconut ND Flavour,1
Melon Hami,1
Melba Toast Sesame,1
Melba Toast Classic,1
Meiji - Yan Yan Strawberry,1
Meiji - Yan Yan Chocolate,1
Mehadrin fit'nfree Light Greek Cheese Snack,1
Mehadrin chocolate milk 1%,1
Mehadrin YoBar Coffee Greek Yogurt Dipped in Chocolate,1
Mehadrin Yo Bar Vanilla Greek Yogurt,1
Mehadrin Unsalted Sweet Whipped Butter,1
Mehadrin Partly Skimmed Chocolate Milk 1% 500ml,1
Mehadrin Partly Skimmed 2% 1LT. Milk,1
Mehadrin Kosher Stewing Beef,1
Mehadrin Kosher Beef Rib Steak,1
Mehadrin Kosher Beef Miami Ribs,1
Mehadrin Greek yogurt Cappuccino BIG 2 Lb,1
Mehadrin Blended Lowfat Vanilla Yogurt,1
Mehadrin 2% Partly Skimmed Milk,1
Mehadrin 1% Chocolate Milk 200ml,1
Mega Candy Mix - Assorted 410 pcs bag,1
Mega Bites Sharp Cheddar167g,1
Medjool Dates Pitted California,1
Medjool Dates - Fresh340g,1
MediumOrganic.227g,1
Medium215g,1
"Medium, ~2 - 3.5lbs",1
Medium Roast907g,1
Medium Roast8 Each,1
Medium Roast44 Each,1
Medium Roast24 Each,1
Medium Roast Qualita Rossa57g,1
Medium Maple Flavoured Donuts,1
Medium Dark950g,1
Medium Dark900g,1
Medium Dark30 Each,1
Medium Dark12 Each,1
Medium Chocolate Boston Cream Donuts,1
Mediterranean4 Each,1
"Mediterranean salad
160g",1
,
Med-Dark12 Each,1
Meal Rice Basmati Natural KPY,1
McVities Rich Tea is a type of sweet biscuit,1
Maui Onion Ranch Salad Dressing,1
Matzo Whole Wheat,1
Matzo Unsalted 312g,1
Matzo Unsalted,1
Matzo Ball Mix or Dumpling KPY,1
Matzo Ball & Soup Mix-Low Sodium KPY 128g,1
Matzo Ball & Soup Mix KPY 128g,1
Matzo 100% Whole Wheat 312g,1
Matouks WI kuchela,1
Masala 60g,1
Marvid Kosher Turkey Leg,1
Marvid Kosher Turkey Breast Cut In Half,1
Marvid Kosher Turkey Brease Deboned,1
Marvid Kosher Minced Chicken,1
Marvid Kosher Chicken Cut In 8 Pieces,1
Marvid Kosher Chicken Breast Cut In Half,1
Marvid Kosher Boneless Chicken Thighs,1
Marvel Spidey and His Amazing Friends170g,1
Marusanai Brand Malt Flavored Soy Milk Drink,1
Martel Vita Yogurt & Granola Snack Cup,1
Martel Vita Rome Chicken Caesar Salad,1
Martel Vita Miami Chef Salad,1
Martel Vita Grapes & Cheese Snack Cup,1
Martel Vita Bangkok Popcorn Chicken Poke Bowl,1
Martel Selection Chicken Brie Cranberry Roll,1
Martel Pizzachuck Submarine Multipack,1
Martel Eggs Combined Plate,1
Martel Egg Salad Sandwich,1
Martel Chuckwagon Cold Cuts Submarine Multipack,1
Martel Chicken Salad Sandwich Tray,1
Martel Chicken Salad Sandwich,1
Martel Chicken Combined Plate,1
Marshmallows1 Each,1
Marshmallow,1
Maritime Pride Jumbo White Eggs,1
Mario's Luncheon Meat 340g,1
Mario's Luncheon Meat 340 f,1
Mario's Flakes of Ham 156g,1
Mario's Flakes of Ham,1
Marinara680 Millilitre,1
Marinade for Thai Barbecue Chicken,1
Marie Callender's Lsg Bwl 333g,1
Marcangelo Mediterranean Style Butterflied Pork Tenderloin,1
Marcangelo Butterflied Pork Tenderloin,1
Marble16 Each,1
Marble Lactose Free9 Each,1
Marble Lactose Free12 Each,1
Maple600g,1
Maple450 Millilitre,1
Maple150g,1
Maple Walnut1.66 Litre,1
Maple Tarts,1
Maple Nut Flavour619g,1
Maple Leaf Seasoned Chicken Drumsticks,1
Maple Leaf Natural Shredded Chicken,1
Maple Leaf Mild Italian Pork Dinner Sausage,1
Maple Leaf Hot Italian Pork Dinner Sausage,1
Maple Leaf Extra Lean Ground Chicken Raised on Canadian Farms,1
Maple Crme300g,1
Maple Almond90g,1
Maple & Brown Morning Oats,1
Maoww Flower Pattern Rotating Candy Box Wedding Favor Box Divided Dried Fruit Plate Snacks Sunflower Seed Container,1
Maoww Birthday cake with card balloons,1
Manuka Honey Naturally Bioactive MGO100+,1
Mann¡¯s Family Favorites Crinkle Cut Sweet Potatoes,1
Mann's Green Beans,1
Manischewitz matzos,1
Manischewitz Whole Grain Matzo Meal,1
Manischewitz Tam Tam Crackers - Garlic,1
Manischewitz Regular Borscht,1
Manischewitz Potato Chips Ripple Salted KFP 142g,1
Manischewitz Noodles Small Bow Tie,1
Manischewitz Noodles Large Bow Tie,1
Manischewitz Matzo Whole Wheat,1
Manischewitz Matzo Meal,1
Manischewitz Egg Noodles Alphabet,1
Manischewitz Cello Soup Split Pea & Barley,1
Manischewitz Cello Soup Lima Bean & Barley,1
Manischewitz Apple Butter,1
MangoAcai and Pineapple500g,1
Mango450g,1
Mango10 Ounce,1
Mango1 Litre,1
Mango drink,1
Mango Mangosteen170g,1
Mango Juice Drink,1
Mango Chunks,1
Mama Sita's Tinola Mix 25g,1
Mama Sita's Annatto Powder,1
Malt Beverage,1
Makes 7 servings.,1
Makes 12 S'mores,1
Make up to 60 portions,1
Makabi Petit Suisse - Fruited Soft cheese 6 pk.,1
Magnetic Coffee Bean Dispenser Coffee Bean Storage Dispenser*4 Transpar` J2S6,1
"Magnetic Coffee Bean Dispenser Coffee Bean Storage Dispenser*4 Transpar,",1
Magic Masala165g,1
Maggi Seasoning Red,1
Maggi 2-Minute Noodles,1
Made with Whole Grains,1
Made with Veggies & Fruits Cheddar180g,1
Made with Nordic milk,1
Made with Chicken Breast Meat,1
Made with 4 tomatoes and no artificial flavours.,1
Made with 100% Canadian Dairy,1
Made from Pure 100% Coffee.,1
Made Easy Lime Juice,1
Mackerel in Tomato sauce,1
Machine Washable Cove Durable Easy Care Polyester Living Room Dark Gray,1
Mac & Cheese,1
Mac & 3 Cheese with Cauliflower Bowl,1
MYSAN GRAHAM CRACKER,1
MYMOCHI CHOCOLATE,1
MY San Skyflakes Saltine Crackers,1
MW Original Mini CRL 430GX10,1
MW HNY CRl,1
MUSSEL MT COOKED LP,1
MTR Instant regular Poha Cup,1
MR. BROWN ICED COFFEE,1
MR. BROWN ICED CAPPUCCINO,1
MR. BROWN ICED BLUE MOUNTAIN,1
MR RTS WHTRIC 2X125G,1
MOZZARELLA,1
MOTTS FRU PCH MED,1
MOTHER'S MURMURA,1
MONTANA'S Texas bold BBQ sauce,1
MONTANA'S BBQ Apple butter Sauce,1
MONSTER ZERO SUGAR,1
MMT STRAWBERRY,1
MMT MARGARITA,1
MM Snax Chickpea Crisps Cheese,1
MM Snax Chickpea Crisps Apple Cinnamon,1
MIXED WHOLE SPICES,1
MITRPHOL FINE SUGAR,1
MITHI SONF MOTI,1
MISO RAMEN NOODLES,1
MINI SOUP CROUTONS,1
MINI EASTER ASSORTMENT VARIETY DONUTS,1
MILKA OREO,1
MIGDAL American Pasteurized Process Cheese Food,1
MIGDAL American Pasteurized Process American Cheese,1
MICROWAVE POPCORN,1
MG VAN CHOC DRIZZLE,1
MG TAMARIND PASTE??,1
MG SUNFlOWER OIl,1
MG PARBOIL RICE 8KG,1
MG LEMON JUICE,1
MG Chocolate Chip Granola Bars VP,1
MG Birthday Cake Granola Bars VP,1
MG - C&C Drizzled Crunchy Oat Bites,1
MG - Birthday Cake Drizzled Crunchy Oat Bites,1
METHI SEEDS,1
MESTEMACHER ALMOND PROTEIN BREAD,1
MEST-WHOLE GRAIN MUESLI,1
MEST-FRUIT MUESLI,1
MELT Buttery Spread,1
MELINDA'S TSC SAUCE,1
MELINDA'S Ghost Pepper Wing Sauce,1
MELINDA'S Black Truffle Hot Sauce,1
MEAL VEGGIE MIX,1
MDH 850,1
MCT Oil 355ml,1
MCB LASAGNA W/ VEG RAGU,1
MCB ITALIAN PIZZA KIT,1
MCB FUSILLI W/ TRUFFLE,1
MC FOUR CHS RAV 8/312G,1
MC Dairy Probiotic Yogurt,1
MC Dairy 1.6 % M.F. Laban Ayran,1
MC Dairy 1.6 % M.F. Alphonse Mango Lassi,1
MC Dairy 0.5 % M.F. Pressed Cottage Cheese,1
MC 8/897g MEAT MARINARA,1
MC 8/879g MEAT LASAGNA,1
MAYONNAISE,1
MATZO,1
MATT & STEVE'S BABY DIllS SPICY DIll 750ml,1
MATT & STEVE'S BABY DIllS GARlIC & DIll,1
MARSHMALLOW CONES,1
MARGARINE,1
MAPO TOFU SAUCE,1
MAPLE 30CT PODS,1
MAOWAPLG Three-dimensional Easter with Pattern Dinosaur Chocolate,1
MANCHURIAN NOODLES,1
MAIZADA REGULAR TOSTADAS,1
MAGGI CHICKEN CUBE,1
MADE EASY-LEMON JUICE SQZ,1
MAC CHEESE W/CAUl,1
M - Salmon Steelhead Smoked PY,1
M - Salmon Sockeye Smoked PY,1
M - Salmon Coho Smoked PY,1
M - Salmon Coho FP Cold Smoked Sliced KPY,1
Lyona SausageBeer Sausage175g,1
Lychee Juice Drink,1
Lungo Capsules 10 count,1
Lubelski Coffee Capsule Refillable Crema Maker Tools Plastic Removable Espresso Machine Filter for Home for Bosch-s Tassimoo,1
Lubelski Arc Shaped Chocolate Candy Lollipop Stand Display Holder Clear,1
Lowercase Letters,1
Low Sodium180g,1
Low Sodium120g,1
"Low Sodium Instant Chicken Noodle Soup No MSG 1.92oz.
Treat yourself to a hearty chicken-flavored soup in minutes.
Just add hot water.
Fat Free.
No MSG added.
",1
,
Low Salt16 Each,1
Low Fat284 Millilitre,1
Low Fat Yogurt,1
Low Fat Vanilla yogurt,1
Low Fat Oatmeal900g,1
Low Calorie1.89 Litre,1
Love Ice Cream Popsicle Making Popsicle Stick Ice Cream,1
Love Crunch Red Berries,1
Lou's Kitchen Whisky BBQ Pork Back Ribs,1
Lou's Kitchen Original BBQ Pork Back Ribs,1
Lotus Biscoff w/Biscoff cream 150g,1
Lotus Biscoff sandwich cookies chocolate flavour,1
Long Grain White Rice,1
Long Grain Parboiled Rice,1
Lolmot Take With One Water Cup - Brewing Tea Take With One Cup Portable Understandable Cold Brew Coffee Take With One Water Cup - Cold Brew Cup - (600ml) - BPA Free,1
Lola's Infused Sweet Roasted Reaper Salsa,1
Lola's Infused Sweet & Spicy Mango Salsa,1
Lodge cookware is known for lasting generations.,1
Loaded368g,1
Loacker Tortina Caramel 63GR,1
Lively Up1 Each,1
Little Bites? Party Cookies,1
Little Bites? Chocolate Chip Cookies,1
Lisbinx Human Shaped Tea Filter Tea Making Machine Stainless Steel Tea Glass Tea Making Machine Tea Filter Creative Tea Glass Weekly Deals,1
Lipton Yellow tea,1
Lipton Yellow Label Green Tea 100ct,1
Lipton Yellow Label Black Tea 100 count,1
Lipton Summer Fruits with Hibiscus 20 pack,1
Lipton Peach Mango Herbal Tea 20 pack,1
Lipton Kosher Recipe Secrets Onion Soup - Case Of 12 - 1.9 Oz.,1
Lipton Green Tea Lemon Ginseng 72 count,1
Lipton Green Tea Decaf 72 count,1
Lior Kitchen Salt 4lb Box,1
Linguine900g,1
Linguine500g,1
Limited Time Only,1
Limited Edition303g,1
Limited Edition261g,1
Limited Edition180g,1
Limited Edition1.89 Litre,1
Limited Edition Energy Boost: Prime Hydration Auston Matthews - Elevate Your Thirst-Quenching Experience with the Special Blend Inspired by the Hockey Legend Quench your thirst with the Prime Hydration Auston Matthews Limited Edition - a specially crafted beverage inspired by the hockey sensation. F,1
Lime Watermelon12 Each,1
Lime Jelly Powder,1
Lime & Chili100g,1
Lily's 70% NSA Extra Dark Sea Salt,1
Lily's 40% NSA Salted Caramel Bar,1
Lily's 40% NSA CREAMY MILK BAR,1
Lightly Salted450g,1
Lightly Salted250g,1
Lightly Salted235g,1
Lightly Salted200g,1
Light890 Millilitre,1
Light500g,1
Light475 Millilitre,1
Light473 Millilitre,1
Light250g,1
Light225g,1
Light2 kg Jar2kg,1
Light greek cheese snack,1
Light Squeezable750 Millilitre,1
Light Caesar Dressing,1
Light Caesar,1
Light Butter Flavour3 Each,1
Lesser Evil - Buddha Bowl Organic Popcorn Himalayan Pink - 5 oz.,1
Less Sugar Cherry Berry200 Millilitre,1
Less Sugar Berry Lemon200 Millilitre,1
Les Grains St-M¨¦thode ground flax chia sliced bread,1
Les Grains St-M¨¦thode Whole Oat Bread,1
Les Grains St-M¨¦thode White Loaf,1
Les Grains St-M¨¦thode 9 whole grains sliced bread,1
Lemon1.89 Litre,1
Lemon Pie Filling & Dessert Mix,1
Lemon Lime Twist6 Each,1
Lemon Flavour1 Litre,1
Lemon Black Tea,1
Lemon & Pepper96g,1
Lemon & Cracked Pepper100g,1
Legurme Pasta Arrabbiata,1
Lee Kum Kee Chicken Powder 1kg,1
Led Ultra Violet Uv 365/395 Nm Blacklight Flashlight Inspection Lamp Torch Detector,1
Leben Chocolate,1
"LeBus 8"" Hero Hoagie Roll - 60/Case",1
"LeBus 4"" x 4"" Plain Square Ciabatta Roll - 72/Case",1
"LeBus 4"" Deli Onion Brioche Sandwich Roll - 72/Case",1
"LeBus 4"" Brioche Sandwich Roll - 72/Case",1
"LeBus 4 1/4"" Sliced Country White Hamburger Sandwich Roll - 72/Case",1
Le Bosquet Mini Croissant Chocolate 150g,1
Lazy Maple375g,1
Lay's Tomato Tango,1
Lay's Hot 'N' Sweet Chilli,1
Lasagne Pasta375g,1
Lasagna with meat Sauce,1
Large8 Each,1
Large425g,1
Large12 Each,1
Large100g,1
"Large, 90g",1
Large ~5.5lbs,1
Large 2lbs,1
Large - Serves 15-201 Each,1
Langgg Flower Pattern Rotating Candy Box Wedding Favor Box Divided Dried Fruit Plate Snacks Sunflower Seed Container,1
Langgg Birthday cake with card balloons,1
Langgg 100Pcs/Lot Teabags Lightweight Empty Square Cooking Spice Scented Tea Bags with Seal Filter Paper Natural Drawstring Herb Pouch 100pcs 7x9cm,1
Langgg 100Pcs/Lot Teabags Lightweight Empty Square Cooking Spice Scented Tea Bags with Seal Filter Paper Natural Drawstring Herb Pouch 100pcs 6x8cm,1
Langgg 100Pcs/Lot Teabags Lightweight Empty Square Cooking Spice Scented Tea Bags with Seal Filter Paper Natural Drawstring Herb Pouch 100pcs 5.5x7cm,1
Landmann And Other,1
Lamb. Product of Australia,1
Ladies Coin Purse With Zipper and Kiss Lock,1
Lactose Free Vanilla with a chocolaty Coating & Almonds5 Each,1
Lactose Free Vanilla with a Chocolaty Coating5 Each,1
Lactose Free 3.25% Homo,1
Lactose Free 2%,1
Lactose Free 1%,1
Lactose Free / Gluten Free / 200g,1
Lacey¡¯s Macadamia & Milk Chocolate Cookies,1
Labymos 3pcs/set Reusable Coffee Capsule for Nespreso Machine Set of 3 Coffee Filters with Spoon,1
La R¨¦colte de St-M¨¦thode Home Style White Loaf,1
La Morena Refried Black Beans w/Jalapeno,1
La Morena Refried Black Beans,1
La Morena Refried Bayo Beans,1
La Morena Refr Bayo Beans w/Chip & Adobo,1
La Morena Nacho Jalapeno Peppers,1
La Morena Green Mexican Sauce,1
La Morena Chipotle Sauce,1
La Fourn¨¦e Dor¨¦e Chinois Brioche with Vanilla Cream,1
La Cocina Fiesta Flavoured Tortilla Chips,1
La Brioch Crustless Whole Wheat Bread 300g,1
La Brioch Crustless White Bread 300g,1
LZ ROSSA NCC,1
LZ RISTRETTO NCC,1
LZ ORO NCC,1
LZ LUNGO NCC,1
LZ DEK NCC,1
LZ CREMA E GUSTO NCC,1
LS BUCKET SET,1
LOTTE PEPERO - CHOCOLATE - BULK,1
LOTTE PEPERO - ALMOND - BULK,1
LOCK CITY BUTTER,1
LNB Seeds & Grains GF Non GMO,1
LNB GF Cinnamon Raisin Bread,1
LLAMA/NARWH/UNIC MM,1
LJ PUNJABI PAPADS,1
LIOR Kosher salt 1.81kg,1
LINDT HAPPY EASTER POUCH 82G,1
LINDOR MAPLE 150G,1
LINDOR HLWEENmlK WT GHST 150G,1
LINDOR HLWEENmlK PMPKN 150G,1
LINDOR BIRTHDAY CAKE 150G,1
LIJJAT JEERA PAPAD,1
LIGHT RD BEANS,1
LIGHT MICROW POPCORN,1
LH FD Oreg,1
LH FD Chives,1
LFD Sliced Brioche,1
LFD Butter Brioche Loaf,1
LEMON SANDWICH BISCUIT,1
LEE KUM KEESESOND SOY SAUCE,1
LEE KUM KEE MINCEDGARLIC,1
LEE KUM KEE CHILI GARLIC SAUCE,1
LEE KUM KEE - PREMIUM DARK SOY SAUCE,1
LC TUR/CH/TR CDN 90G,1
LAY'S MAGIC MASALA,1
LAY'S CUCUMBER,1
LAY'S CRM & ONION,1
LAY'S CHICK&TOM,1
LAURA SECORD LS MINI EGGS/PLUSH,1
LASAGNA KIT 520g 2/4 servings,1
LAO GAN MA TOFU IN HOT O,1
LAO GAN MA CHI IN OIL W PNT,1
LAITERIE OUTAOUAIS HOMO MILK,1
LAITERIE OUTAOUAIS CHOCOLATE MILK,1
LAITERIE OUTAOUAIS 2% MILK,1
LAITERIE OUTAOUAIS 0% MILK,1
LAICAIW Women Casual Summer Mid Waist Stretchy Denim Jean Shorts Junior Short Jean,1
LA TORTILLA FACTORY POWER GREEN WRAP,1
LA CAGE RANCH WINGS,1
L-OIL OLIVE EX VIRG,1
L-Mayonnaise Lite KFP,1
L-Grape Juice Light Blush KPY,1
L- Pops -Airplanes Shaped Straberry & Raspberry 25pk,1
L- Bites Very Berry GF,1
L- Bites French Toast GF,1
L- Bites Cookies and Cream,1
L - Wafer Rolls Hazelnut,1
L - Wafer Rolls Chocolate,1
L - Sauce Sriracha KPY,1
L - Salmon Steelhead Smoked PY,1
L - Salmon Steelhead Bits Smoked,1
L - Salmon Coho FP Cold Smoked Sliced KPY,1
L - Pops Bear Shaped Mixed Fruit 25pk,1
L - Pops - Bus Shaped Tuiti Fruiti 25pk,1
L - Pops - Bear Shapes Tropical 25pk,1
L - Mayonnaise KFP,1
Kula Watermelon530 Millilitre,1
Kttectoa up to 60% off Printed Kitchen Oil Barrier High Temperature Aluminum Foil Oil Baffle Weekly Deals,1
Kttectoa Wal-mart Deals Home Baking Bee Rice Cake Model Critter Cake Model Save 20% on baby diapers,1
Kttectoa Wal-mart Deals Home Baking Bee Rice Cake Model Critter Cake Model Holiday Gift Finder,1
Kttectoa Wal-mart Deals Cup-Shaped Coffee Pod Storage Rack For Counter Coffee Bar Flyer to p picks,1
Kttectoa Wal-mart Deals Advent Calendar 2023 Christmas DIY Pendan Bracelet Countdown Calendar For Girls 24 Days Xmas Countdown Calendar DIY Jewelry Making Kit Gift 22 Pendan Beads Deals on household s,1
Kttectoa Prime Deals Savings Home Baking Bee Rice Cake Model Critter Cake Model to p Campus picks on Rollback,1
Kttectoa Prime Deals Savings Colored Flame Cles Birthday Cles Party Cake Cles CoolGood-looking Holiday Deals,1
Kttectoa Colored Flame Cles Birthday Cles Party Cake Cles CoolGood-looking for Home,1
Kttectoa Coffee Filter Cup Drip Cup Hand-brewed Coffee Cup Drip Filter Coffee Filter Cup For Hiking Camping Home Office Save 15% on pets,1
Kttectoa Clearance Versatile Dough Proofer With Temperature Control For Baking Fermentation For Making Bread Yogurt Natto And Hand Made Soap Rollback,1
Kttectoa Clearance Transparent Visual Control Quantity Leak Proof Extrusion Seasoning Bottle Tomato Seasoning Seasoning Salad Seasoning Extrusion Bottle Coupon Centre,1
Kttectoa Clearance Printed Kitchen Oil Barrier High Temperature Aluminum Foil Oil Baffle Stationery on Rollback,1
Kttectoa Clearance Household Round Fruit Snacks Sugar Biscuits Striped Fruit Melon Fruit Deals Centre,1
Kttectoa Clearance DIY Baking Chess Cake Decorative Deals on home,1
Kttectoa Clearance Colored Flame Cles Birthday Cles Party Cake Cles CoolGood-looking Save 5% on vitamins & supplements,1
Kraft Dinner Deluxe Bacon Garlic 340G,1
Kosher salt,1
Kosher chicken parts,1
Kosher Turkey breast 1/2,1
Kosher Turkey Legs,1
Kosher Fresh Chicken Parts,1
Kosher Dill1 Litre,1
Kosher Chicken Thigh Meat,1
Kosher,1
Kosa UHT Coconut Milk 1000ml,1
Korean style hot pepper paste,1
Korean Ramen Noodles Cooker Pot Boiler Kitchen Cookware 8in(20cm),1
Korean Pork,1
Korean Barbecue Recipe80g,1
Korean BBQ Recipe80g,1
Kopiko Coffee Candy Original,1
Kool Aid Popping Candy,1
Kongmoon Rice Vermicelli 454g,1
Kona BlendGrab N'Go900g,1
Kona BlendGrab N'Go850g,1
Kohinoor Whole Wheat Chakki Atta,1
Kohinoor Brown Basmati Rice,1
KodiakPower Cakes Chocolate Chip Flapjack & Waffle Mix 510g,1
Kodiak Maple Brown Sugar Oatmeal Packet 6x50g,1
Kodiak Chocolate Chip Oatmeal Packets 6ct,1
Kodiak Buttermilk Flapjack and Waffle Mix 567g,1
Koala Crisp 725 Eco,1
Knoor Beef flavor cubes 8/80g,1
Knafeh with Cheese 200g,1
Klemtu Spirit Hot Smoked Canadian Atlantic Salmon Portion,1
Kiwifruit & green apple are the most prominent notes of this complex blend,1
Kiwi Guava355 Millilitre,1
Kitchen Pot And Seasoning Bottle Sea Pepper Powder Telescopic Seasoning Can Spoon Cover integrated,1
Kitchen Non - Nail Wall - Mounted Seasoning Box Non - T-race Paste Seasoning Box,1
Kitchen Machine Household Electric Pan Baking Tool Spring Cake Red,1
Kitchen King Masala,1
Kitchen Gadgets 304 Three-layer Steel Thickened Hot Oil Small Pot Stainless Steel Deepened Min Splashing Oil Burning Oil Household Small Oil Pot,1
Kitchen Cylinder Sealed For Dog Food Storage Gray 5kg,1
King Size85g,1
Kinder Milk Chocolate,1
Kinder Chocolate T55x8 HW,1
Kimchi Ramyun F-pk,1
Kimberly¡¯s Bakeshoppe? Strawberry Frosted Sugar Cookies,1
Kimberley¡¯s Bakeshoppe? Spring Vanilla and Blue Frosted Sugar Cookies,1
Kimberley¡¯s Bakeshoppe Vanilla & Chocolate Cupcakes,1
Kimberley¡¯s Bakeshoppe Holiday Shaped Frosted Sugar Cookies,1
"Kimberley¡¯s Bakeshoppe
Maple Frosted Sugar Cookies",1
,
Kimberley's Bakeshoppe? Trolls Frosted Cookies,1
Kimberley's Bakeshoppe Halloween Mini Frosted Soft Sugar Cookies - Vanilla,1
Kids Toys Prank Toys Big Boa Constrictor Stuffed Soft Snake Plush Toy 113 Inches Tw,1
Kids Play Crystal Beads Children animal,1
Kids Play Crystal Beads Children Playground Loose Beads,1
Kewpie Mayonnaise is a popular Japanese mayo,1
Keurig K-Cup Pods 30ct,1
Keurig K-Cup 12ct Pods,1
Kettle Yoghurt,1
Kettle Truffle Oil,1
Kettle Fried100g,1
Kettle Dill Pickle,1
Kettle Chips Sea Salt KPY,1
Kettle Chips Honey Dijon,1
Kettle Air Fried Salt & Vinegar,1
Kettle Air Fried Himalayan,1
KetoWOW Bars,1
Ketchup40g,1
Ketchup - Family Size235g,1
Kerrs Slush Pops 840g/130ct,1
Kerr Wintergreen Mints 500g,1
Kerr Ginger Drops 200g,1
Kerr English Mints 200g,1
Kernels gift pack,1
Keg size,1
Kedem M- Grape Juice Blush KPY 1.5l,1
Kawaii Sanrio My Melody Cinnamoroll Little Twin Stars Creativity Cartoon Seasoning Box Dust-Proof Flip Box Kitchen Supplies,1
Kawaii Sanrio Hello Kitty Sealed Can Cartoon Cute Large Capacity Household Dried Fruits Tea Glass Sealed Jar Kitchen Supplies,1
Kasuri Methi,1
Kasseler Non GMO Verified Cocktail Whole Rye Whole Grain Bread,1
Kasseler Cocktail Pumpernickel Artisan Whole Grain Rye Bread,1
Kashmirilal Chili masala,1
Kashmira Jeera Masala Soda Glass Bottles-300ml,1
Kashmira Jeera Masala Soda Glass Bottles-12X300ml,1
Kashi Vanilla Almond Granola 340Gx6,1
Kashi GO Originale Cereale 275GX8,1
Kashi Cocoa Cashew Granola 311Gx6,1
Karahi Fry Meat Spice Mix,1
Kang Shi Fu Veg Beef,1
Kang Shi Fu Braised Beef,1
Kaju Kismis Mix,1
Kadlawus Reduced Price Ice Cream Food Grade Home Children's Homemade Ice Cream Refrigerator Popsicle Popsicle Ice Cream Popsicle,1
KYJ CHINESE STYLE SAUSAGE PORK,1
KURKURE MASALA MUNCH,1
KURKURE CHILLI CHAT,1
KUNG FU PREMIUM SOY SAUCE,1
KRAFT THOUSAND ISLAND DRESSING 425,1
KRAFT RANCH W BACON DRESSING 425,1
KRAFT GOLDEN ITALIAN DRESSING 425,1
KRAFT DINNER KD CUP 3-CHEESE,1
KRAFT ASIAN SESAME DRESSING 425,1
KODIAK PC CHOCCHIP FJ MIX,1
KODIAK PC BUTTERMILK FJ MIX,1
KODIAK PC BDAYCAKE FJ MIX,1
KITKAT POPS Milk Chocolaty Snacks Carton 70g,1
KINDER KINDER HIPPO T5,1
KIND Thins Nuts Sea Salt & Dark Chocolate,1
KIND Thins Almond Caramel & Sea Salt,1
KIND Granola Dark Chocolate,1
KIND Fuel Dark Chocolate Nut 4pk,1
KIND Fuel Crunchy Peanut Butter 4pk,1
KIMCHI,1
KFI VEGAN BUTTER CHK,1
KFI TIKKA MASALA,1
KFI TANDOORI PASTE,1
KFI Spicy Butter Chicken 375ml,1
KFI MILD CURRY,1
KFI KFI TAMARIND MILD,1
KFI CORIANDER,1
KFI Butter Chicken,1
KEG KEG STEAK SAUCE,1
KEG KEG CAESAR RIMMER,1
KEBAB FACTORY CHICKEN KEBAB,1
KASHA,1
K88 WHITE RICE,1
K88 JASMINE RICE,1
K88 BASMATI RICE,1
Justharion Plastic Replace Every 3 Months For Clean Water Coffee Filter For Best Results Particulate Dust Odor light blue,1
Just in Lime355 Millilitre,1
Just in Lime 355ml Cans12 Each,1
Jumbo970g,1
Jumbo1kg,1
Jumbo1.3kg,1
Jumbo Size825g,1
Jumbo Size1.15kg,1
Jumbo Size1.01kg,1
Jumbo Pack1.15kg,1
Juice Watermelon,1
Juice Beet and Veggie,1
Juice Beet and Tropical Fruit,1
Juice Beet and Lemon & Ginger,1
Juice Beet and Cherry,1
Juice Beet and Berry,1
Juego de tenedor de fruta para ni?os palillo de dientes de pl¨¢stico para decoraci¨®n de tartas postres comida aperitivos Mini fiesta Festival de amor 50 unidades,1
Juego de bandas de telar de colores para ni?as Kit de fabricaci¨®n de pulseras de Color caramelo banda de goma tejida Kit de pulsera artesanal regalos de juguetes artesanales 600-15,1
Jubilee284g,1
Jtt Pitted Prunes,1
Jtt Pitless Prunes,1
Jolly Rancher Orange Slushy Syrup 5:1 Food Service Concentrate BONUS Squeeze Pump,1
Jolly Rancher 64oz/0.5 Gallon Lemon Slushy 5:1 Concentrate,1
Joe's Tasty travels ROASTED JUMBO VIRGINIA PEANUTS UNSALTED,1
Joe's Tasty Travels Value Pack Walnut 1/2's & Pieces 650g,1
Joe's Tasty Travels Toasted Corn BBQ 350g,1
Joe's Tasty Travels Super Energy Trail Mix - 350g,1
JnJ Piattos Cheese 212g,1
Jinnoda Refillable Capsule Coffee 2.0 K-cup Filter Coffeeware for Keurig K-Supreme,1
Jerk Chicken220g,1
Jelly Beans500g,1
Jeff Nathan Creations Jeff Nathan Creations Gluten Free Panko - Panko - Case Of 12 - 14 Oz.,1
Jason Plain Panko Bread Crumbs,1
Jason Gluten Free Plain Panko,1
Jason Cornflake Crumbs,1
Jar - Tomatoes Crushed,1
Japceit Coffee Filter Foldable Brewing Stainless Steel Filter Suitable For Any Cup,1
Japanese Food Toy Kitchen Set Family Playset for Kids Salmon sushi,1
Janes Ultimates Buffalo Boneless Bites,1
Jammies grape jelly sandwich,1
Jamaican Me CrazyBulk1 Each,1
Jam Plum KPY,1
Jam Pineapple KPY,1
Jam Apple KPY,1
Jalapeno425g,1
Jalapeno LimeNo Shell155g,1
Jalapeno & Poblano150 Millilitre,1
Jalapeno & Lime chicken wings,1
Jalapeno & Cheddar Flavoured200g,1
Jaffa ORANGE,1
Jaffa CHERRY,1
Jacobs filter coffee.,1
Jack Link's Original 25g,1
JVL Smoked Bratwurst SSG 375g,1
JVL Smkd Beef Chddr SSG 375g,1
JVL Orig Brat SSG (5) 500g,1
JVL Orig Bkfst SSG Links 375g,1
JVL Orig Beef Smoked SSG 375g,1
JVL Mild Ital SSG (5) 500g,1
JVL Maple Bkfst SSG Links 375g,1
JVL Hot Ital SSG (5) 500g,1
JVL Ground SSG Mild Ital 375g,1
JVL Cheddar Smoked SSG 375g,1
JVL Brkfst Ssg RNDS (6) 250g,1
JUST Egg Plant Based liquid Egg,1
JUST Egg Liquid,1
JTT Yogurt Raisins,1
JTT VP Walnut 1/2's & Pieces 550g,1
JTT Thompson Seedless Raisins 300g,1
JTT Tahitian Paradise Mix 350g,1
JTT Salted Toasted Corn 600g,1
JTT Pecan Halves 200g,1
JTT Peanut Butter filled Pretzels,1
JTT Milk Chocolate Peanuts 275g,1
JTT Milk Choc. Pretzel Bites 275g,1
JTT Hulled Sunflower Seeds Unsalted 500g,1
JTT Flax Seeds,1
JTT Fired up Wasabi Peas 200g,1
JTT Banana Chips 200g,1
JL TERIYAKI NUGGETS 81G,1
JL TERIYAKI BEEF JERKY 80G,1
JL TERIYAKI BEEF JERKY 35G,1
JL SMK HIC BEEF JERKY 80G,1
JL S&H BEEF JERKY 80G,1
JL ORIGINAL NUGGETS 81G,1
JL ORIGINAL BEEF JERKY 80G,1
JL ORIGINAL BEEF JERKY 35G,1
JL ORIG STRIPS 74G,1
JL JAL BEEF JERKY 80G,1
JL BACON JERKY 65G,1
JIM JAM BISCUIT,1
JET PUFF 400G WEST,1
JELLY UNICORN KEBAB,1
JELLY SUMMER KEBAB,1
JELLIES,1
JD Sliced Brisket,1
JD Pulled Pork,1
JB SOUR GUMMIES,1
JB ASST GUMMIES,1
JAR,1
JANES ultimates BREADED HADDOCK FILLETS,1
JANES ultimates BATTERED HADDOCK FILLETS,1
JANES Pub Style Chicken Strips Family Size,1
JANES Pub Style Chicken Nuggets Family Size,1
JACK LINK'S SNACKSTICKS ORIGINAL 225G,1
JACK LINK'S PEPPERED BEEF JERKY 80G,1
JACK LINK'S BARBEQUE PORK TENDER BITES 81G,1
JACK LINK'S BARBECUE EXTRA THICK CUT PORK STRIPS 74G,1
JACK LINK'S 230G SWEET & HOT,1
JACK LINK'S 225G TURKEY,1
JACK DANIELS BBQ J.D. ORG. BBQ SCE,1
J.L. Kraft Pure ¨C POMEGRANATE ZAATAR 355,1
J.L. Kraft Pure ¨C MISO LIME GINGER 355,1
J.L. Kraft Pure ¨C HONEY & SHALLOTS 355,1
J.L. Kraft Pure ¨C FIG BALSAMIC 355,1
J.L. Kraft Pure ¨C CUCUMBER GREEK 355,1
J.L. Kraft Pure - MOROCCAN LEMON 355,1
J.D. SWTSPY B SC,1
J.D. HNY BBQ SCE,1
J&J Vcut BBQ,1
Its a blend of ground spices,1
Italian Wedding515 Millilitre,1
Italian Style Classico Thick Slice White510g,1
Italian Coating Mix,1
Island Gold Prestige 18 Pack Large White Eggs,1
Island Gold Medium White Eggs,1
Island Gold Large White Eggs,1
Island Gold Large Veggie Fed White Eggs,1
Island Gold Large Free Run Omega-3 Brown Eggs,1
Island Gold Jumbo White Eggs,1
Island Gold Jumbo Organic Eggs,1
Island Gold Extra Large White Eggs,1
Island Gold 6 Pack Large White Eggs,1
Island Farms by Natrel 20% Aerosol Whipped Cream,1
Iron On Holo Miami Sampler 12X12(3),1
Irish Creme1 Each,1
International Delight Cold Foam Vanilla,1
International Delight Cold Foam Caramel Macchiato,1
Interface Adapter Mp3 Music Cable Car Audio Aux 3.5mm For E39 E53 X5 E46,1
Intenso Capsules 10 count,1
Instant Vermicelli,1
"Instant Vegetable Noodle Soup No MSG 2.30 oz.
Treat yourself to a hearty vegetable-flavored soup in minutes.
Just add hot water.
No MSG added.
Super Kid Friendly
Great for travel
",1
,
Individually vacuum packed,1
Indian milk rusk,1
Indian biscuits,1
India's own - Premium Brown Basmati Rice 4.54 Kg,1
Independence Day Wreath Acrylic Flower Decoration Memorial Day USA National Wreath flag wreath Fourth of July Door Wall Decoration for American,1
Including Reindeer Santas Christmas House Puppies Christmas Creative Gifts,1
Including Reindeer Santas Christmas House Christmas Gifts,1
Impossible Nuggets 383g,1
Impossible Burger Patties Made from Plants 226g,1
Imperial Popcorn,1
Imperial Non-Hydrogenated Margarine,1
Imitation Crab Flakes,1
Ignition Key Switch Replacement Fits For Mercury Outboard Remote Control Box Man Jia,1
Idahoan Butter & Herb Mashed Potatoes. Made with 100% REAL Idaho potatoes perfectly blended with butter and parsley.,1
Iced Tea,1
IcebergOrganic1 Each,1
Iceberg Organic,1
Iceberg,1
Ice Tea Lemon52 Millilitre,1
Ice Cream Parlor Silicone Cone and Pop Shaped Cupcake Mold 2-Pack,1
Ice Cream Parlor Silicone Cone and Pop Shaped Cupcake Mold,1
Ice Cream Parlor 10-piece Cookie Cutter Assortment,1
Ice Cream Food Grade Home Children's Homemade Ice Cream Refrigerator Popsicle Popsicle Ice Cream Popsicle,1
Ice Cream Cone Holder Waffle Cone Holder Food cone fries holder. 3 HOLES: Holder for Birthday Decor Clear,1
Ice Cream Cone Holder Waffle Cone Display Stand Clear Rack Holder Food Holder for Birthday Decor Clear,1
Ice Cream Cone Holder Waffle Cone Display Stand Clear Holder Food Holder for Birthday Decor Clear,1
IWouldPreferNotTo.T-shirt,1
IOGO 0%STR-VAN-PC-RA,1
ICE CREAM MARSHM,1
Hweilai Tofu Press: the best and original tofu press to transform your tofu,1
Hungry Jack Original Complete Pancake Mix,1
Humpty Dumpty Party Mix 250 G,1
Humpty Dumpty Original Party M,1
Humpty Dumpty Cheese Sticks,1
Hummus & Crackers-Original,1
Hubba Bubba Tape Awesome Original_EN,1
Hsu Fu Chi Mixed Flavor New Year Candies (Packs) 308g,1
Hsu Fu Chi Family Portrait Gift Box 1060g,1
Household ice cream DIY mixed color conjoined popsicle with lid Rwvbm,1
Household Mould Removal Gel For Kitchen Bathroom Wall Tile Stains Sink,1
Household Ice Cream DIY Mixed Color Conjoined Popsicle With Lid,1
House Blend1 Each,1
Hot95g,1
Hot450g,1
Hot100g,1
"Hot, 3pcs",1
"Hot, 2pcs",1
"Hot, 280g",1
Hot+Ranch165g,1
Hot+Honey170g,1
Hot+Cheesy145g,1
Hot pepper sauce,1
Hot dog buns (8 x 48g),1
Hot calypso sauce,1
Hot Style! National-Lampoon-S-Christmas Advent Calendar 2024 -- 24 Days Holiday Advent Calendar 2D Pendants Countdown Calendar Including Reindeer Santas Christmas House Puppies Christmas Gifts,1
Hot Pepper sauce Halal,1
Hot Pepper Blend,1
Hot Italian400g,1
Hot Italian Style375g,1
Hot Italian Sausage C-3032,1
Hot HouseOrganic170g,1
Hot HouseFresh1 Each,1
Hot House284g,1
Hot House217.5g,1
Hot House Grown220g,1
Hot Genoa100g,1
Hot Dog Buns,1
Hot Chicken Sandwich Gravy,1
Hot Chicken Flavour Jjajang Ramen,1
Hot Chicken Flavour Carbo Ramen 140g*5*8,1
Hot Chicken 2X Spicy Flavour Ramen,1
"Hot ,5pcs",1
Hot 'n' Sweet Chilli165g,1
Hot,1
Hormel Pepperoni Snack Tray,1
Hormel Ham Snack Tray,1
Honeyd Corn Flakes Eco,1
Honey440g,1
Honey150g,1
Honey Roasted340g,1
Honey Roasted100g,1
Honey Roasted Pistachios,1
Honey Roasted No Shell155g,1
Honey Roasted Cereal 340g,1
Honey Pomelo,1
Honey Nut Toasted Oats685g,1
Honey Maple100g,1
Honey Garlic,1
Honey Garden Grain Bowl,1
Honey Flavour 473ml,1
Honey DijonSnack Size56g,1
Honey Bunches of Oats Granola Blueberry Flax 340g,1
Honey BBQ340g,1
Honey & Garlic250g,1
Homestyle White5kg,1
Homestyle Chili Sauce,1
Homeholiday 30pcs Heart Shape Cake Toppers Insert Cards with Toothpick Cupcake Decorations - Paper - Light Blue,1
Home Style Parantha,1
Home Kitchen Restaurant Stainless Teapot Pot .7L #2,1
Home Baking Bee Rice Cake Model Critter Cake Model,1
Home Accessories on Clearance,1
Hollow Milk Chocolate,1
Holiday and Christmas Chocolate Candy 212g,1
Holiday Choc Dark Coconut Bon Bons KFP 170g,1
Holiday Cheers Gingerbread Candy Cane,1
Hockey Pucks Chocolate Cookies,1
Himalayan basmati rice,1
High quality wooden manual crusher herbs spice mill 22.5cm,1
High borosilicate seasoning box glass barbecue seasoning jar seasoning bottle household salt jar powder bottle kitchen seasoning bottle jar,1
High Temperature Resistant Easy To Use Safe Coffee Filter Blue Reusable For Home Office For Coffee Machine Blue 5 Capsules+1 Spoon+1 Brush,1
High Liner Jumbo Popcorn Shrimp,1
High Liner Breaded Butterfly Shrimp,1
Hickory SmokedFamily Size375g,1
Hickory Smoked65g,1
Hickory Smoked175g,1
Hickory Smoked100g,1
Herring fillets in tomato sauce.,1
Hereford Black Beans and Beef,1
Hereford Beef Taco Filling,1
Herbal Tea,1
Herb Liverwurst,1
Herb & Spices680 Millilitre,1
Herb & Spices398 Millilitre,1
Hello Kitty Pink High Top Canvas Shoes Women Sanrio Cartoon Graffiti Students Versatile Hand-painted Sneaker Y2k Cute Girl Boots,1
Heinz Tomato Ketchup No Sugar,1
Heineken 0.0 Btl 330ml NonAlc,1
Hearty Vegetable Beef515 Millilitre,1
Hearty Rye275g,1
Hearty Dippers250g,1
Healthy and tasty,1
Hazelnut-Cr¨¨me 112g,1
Hazelnut-Almond 100g,1
Hazelnut Creme1 Each,1
Hazelnut & Chocolate Morning Oats,1
Hawaiian Pineapple Bacon Flavor380g,1
Hawaiian HazelnutBulk1 Each,1
Havarti220g,1
Hata Strawberry Flavoured Ramune Soda,1
Hata Orange Flavoured Ramune Soda,1
Hashachar Baking Chocolate PY,1
Harvest Snaps Snack Crisps Black Pepper 94g,1
Harvest Snaps Gluten Free Wasabi Ranch Green Pea Snack Chips 94g,1
Harman XL White Eggs,1
Harman Select Large White Eggs,1
Haribo Goldbear Gummies,1
Hardbite True North Spuds,1
Hardbite Sweet Ghost Pepper Chips,1
Haolam Cheddar Natural Cheese,1
Haolam American Pasteurized Process American Cheese,1
Hans Freitag Lebkuchen Allerlei (Assorted Gingerbread),1
Hans Freitag Glazed Pfeffernusse,1
Hans Freitag Gingerbread Hearts,1
Hanging Lights For Garden Living Room Solar Lantern With Handle Led Atmosphere,1
Hanger Sizer Size Marker Cubes Green,1
Hanger Sizer Size Marker Cubes Black,1
Ham and Cheese,1
Ham Italian Style,1
Ham & Swiss Cheese6 Each,1
Ham & Swiss Cheese1 Each,1
Ham & Cheddar English Muffin1 Each,1
Halves & Pieces350g,1
Halva Vanilla Bar,1
Halva Sugarless Marble,1
Halva Pistachio 450g,1
Halo Top Sea Salt Caramel 437ml,1
Halo Top Peanut Butter Swirl 437ml,1
Halo Top CCCD 437ml,1
Halo Top Birthday Cake 437ml,1
Halloween6 Each,1
Halloween gummy candy 40 pcs bag,1
Halloween Pops Asst,1
Halloween Marshmallows 50 pcs bag,1
Halloween 40ct,1
Half Pound Cup 226g,1
Halal certified (CHFCA),1
Hakuro Premium Sushi Rice?,1
Haddock Fillets KPY,1
Haddock Fillets,1
Hachiya,1
HUMM PINENUT 227g,1
HUER Strawberry Frosty 1kg/2.2lbs - Cool and Refreshing Strawberry Goodness,1
HRVST SNP TOM BASl,1
HRS loungsev ratlami,1
HRS Masala Chana,1
HRS Bhakarvadi (MINI),1
HR Mazedaar Kissey 1.13 Kg,1
HR Double Mazza 1.35 Kg,1
HR Dalbiji,1
HR Chatpata Dal,1
HOT SPICY CHICKEN KIMCHI RAMEN,1
HOT POT BASE TRAD,1
HOT MIXED VEGETABLES,1
HOT HONEY CHICKEN,1
HOT CHICKEN FLAVOR RAMEN MULTI-CHEESE,1
HOT,1
HO-YA SRIRACHA SAUCE,1
HO-YA Pad Thai Instant Noodles,1
HO-YA Japanese Style Katsuo Udon,1
HO-YA Instant Rice Pho Noodles,1
HO-YA Golden Chicken Flavoured Ramen,1
HK Anderson Pretzels,1
HJ EXT L&F,1
HJ BM PC MIX,1
HFC MANGO PA CAKE,1
HEVIRGO Spoons Exquisite Not Rust 2 Colors Carved Metal Mini Shovel for Kitchen,1
HEVIRGO Cake Painting Pen 12 Colors Food Grade Ink Markers Pigment Pen Brush Accessories Edible Food Pen Cake Decoration DIY Baking Baking Supplies,1
HERSHEY'S POT OF GOLD assorted chocolates collection has been a loved tradition since 1928. This milk collection box is perfect to gift or share this holiday season.,1
HERSHEY'S POT OF GOLD assorted chocolates collection has been a loved tradition since 1928. This caramels collection box is perfect to gift or share this holiday season. Each box contains a variety of 24 delicious chocolates.,1
HERSHEY'S OATMADE Creamy Chocolate 90g,1
HERSHEY'S OAT MADE Almond Sea Salt Chocolate 90g,1
HERSHEY'S KISSES Sugar Cookie Holiday Candy 180g,1
HERSHEY'S KISSES GRINCH Holiday Milk Chocolate Candy 180g,1
HERSHEY'S Creamy Milk Chocolate bar.,1
HERSHEY'S CHIPITS CREAM CHEESE,1
HEER DURUM ATTA,1
HEARTS OF PALM WHOLE,1
HCGS TRKY HNY GLZD POT 269G,1
HCGS SPAG MTBL FZ SSM 269G,1
HAZELNUT-CR?ME 112g,1
HAWAIIAN WIDE SLICE,1
HATCH CHILES AND TANGY LEMON.,1
HARIBO STARMIX 284G,1
HARIBO SOUR KICK,1
HARIBO RAINBW STRIPS,1
HARIBO Happy Cola Gummies,1
HALDI,1
H,1
Guru Organic Energy Theanine Fruit Punch 355ml,1
Guava jam,1
Guava Juice Drink,1
Guardoinrt Plastic Colorful Lollipop Drum With Mallet For Stimulating Creativity Interesting Lollipop Shape 6inch,1
Guardoinrt 10 Pieces Gold Insect Cake Decoration Sign Birthday Cakes Party Pastry Baking Simulation Wedding Shower Decor Happy Type 6 5Set,1
Guardoinrt 10 Pieces Gold Insect Cake Decoration Sign Birthday Cakes Party Pastry Baking Simulation Wedding Shower Decor Happy Type 6 1Set,1
Guardoinrt 10 Pieces Gold Insect Cake Decoration Sign Birthday Cakes Party Pastry Baking Simulation Wedding Shower Decor Happy Type 5 2Set,1
Guardoinrt 10 Pieces Gold Insect Cake Decoration Sign Birthday Cakes Party Pastry Baking Simulation Wedding Shower Decor Happy Type 2 2Set,1
Guardoinrt 10 Pieces Gold Insect Cake Decoration Sign Birthday Cakes Party Pastry Baking Simulation Wedding Shower Decor Happy Type 1 5Set,1
Guardoinrt 10 Pieces Gold Insect Cake Decoration Sign Birthday Cakes Party Pastry Baking Simulation Wedding Shower Decor Happy Type 1 3Set,1
Guardoinrt 10 Pieces Gold Insect Cake Decoration Sign Birthday Cakes Party Pastry Baking Simulation Wedding Shower Decor Happy Type 1 2Set,1
Guacamole Spicy20g,1
Guacamole Classic20g,1
Growers Garlic flavor Peanuts,1
Ground283g,1
Ground Pork,1
Ground Coffee340g,1
Ground Coffee Medium Roast816g,1
Ground Coffee,1
Grilling Spray,1
Grilled cooked chicken with vegetables and rice,1
Grilled Vegetable Flatbread,1
Grey,1
Green-51503,1
Green tea,1
Green Giant* Broc & Cheese Tot,1
Green Giant Veg Fries Zucchini,1
Green Giant Summer Sweet Peas 750GR,1
Green Giant Peaches & CreamWhole Kernel Corn 750GR,1
Green Giant Nat Cut Green Bean,1
Green Giant Core Whl Krnl Corn,1
Green Giant Core Swtlts Pea 750GR,1
Green Giant Core Mixed Veg 750GR,1
Green Giant Cauliflower Riced.,1
Green Giant Cauli Riced Medley,1
Green Cardamom,1
Green Batavia1 Each,1
Green & Silver) 180g,1
Greek200g,1
Greek yogurt Vanilla,1
Greek Yogurt Bar Vanilla,1
Greek Yogurt Bar Strawberry,1
Greek Yogurt Bar Chocolate,1
Greek Vinaigrette,1
Greek Pro+ Superfruit,1
Greek Light yogurt Vanilla,1
Greek Light yogurt Coffee,1
Greek Light yogurt,1
Greek Cheese,1
Great Value maple bacon,1
Great Value Winter Wonderland Cookie Decorating Kit,1
Great Value Vanilla Naturally Flavoured Almond Beverage,1
Great Value Unsweetened Original Almond Beverage,1
Great Value Sweetened Applesauce,1
Great Value Sweet & Salty Peanut & Salted Caramel Chewy Nut Bars,1
Great Value Stuffed Manzanilla Olives,1
Great Value Spring Bloom Cookie Decorating Kit,1
Great Value Sliced Pickled Beets,1
Great Value Salt & Pepper Chicken Wings,1
Great Value Processed Cheese Slices,1
Great Value Parboiled rice 2kg,1
Great Value Original Wieners,1
Great Value Original Margarine,1
Great Value Original Bologna,1
Great Value Original Almond Beverage,1
Great Value Organic Original Rice Drink,1
Great Value Monterey Jack Cheese With Jalape?os Peppers,1
Great Value Margarine with 7% Olive Oil,1
Great Value Mac and cheese 1kg,1
Great Value Light Processed Cheese Slices,1
Great Value Honey Garlic Flavoured Chicken Wings,1
Great Value Halloween Magic Cookie Decorating Kit,1
Great Value Gingerbread Train Decorating Kit,1
Great Value Gingerbread Family Cookie Decorating Kit,1
Great Value Frozen Chicken Balls 800g,1
Great Value French Onion Sour Cream Dip,1
Great Value Extra Large Eggs,1
Great Value Deluxe Hot Dog Buns,1
Great Value Deluxe Hamburger Buns,1
Great Value Crispy Chicken Wings,1
Great Value Buffalo Chicken Wings - Medium,1
Great Value Blackberries,1
Great Value All Beef Wieners,1
Great Value 68% Vegetable Oil Margarine,1
Great Value 18% Table Cream,1
Great Value 10% Half & Half Cream,1
Gray Ridge Super 747 Jumbo Eggs,1
Gray,1
Grapefruit Sparkle 355ml Cans12 Each,1
Grape48 Millilitre,1
Grape154g,1
Grape1 Each,1
Grape,1
Grandmother's Bake Shoppe Plain Butter Tarts,1
Grand Pre UHT Milk Barista,1
Gran Ducale Tiramisu Cream & Chocolate Chip Panettone,1
Gran Ducale Italia Colomba Classica Cake,1
Gran Ducale Giftwrapped Panettone Classico,1
Gran Ducale Agnello w. Custard Cream Colomba Easter Cake in Box 750g,1
Gran Ducale Agnello w. Chocolate Cream Colomba Easter Cake in Box 750g,1
Grain Free Tortilla Chips,1
Grade A Turkey 9-11kg10kg,1
Grade A 7 To 9 Kgs8kg,1
Gracked Pepper & Garlic171g,1
Grace Sweet Plantation Chips,1
Grace Plantain Chips Sweet Chili Flavoured,1
Grace Peanut Punch 240ml,1
Grace Coconut Water No Sugar 310ml,1
Grace Chicken Flavoured Bouillon,1
Grace Caribbean Combos Rice and Red Kidney Beans 175g,1
Grace Beef Flavoured Bouillon,1
Grab N'Go650g,1
Grab N'Go450g,1
Grab N'Go425g,1
Grab N'Go400g,1
Go?t Robuste,1
Gorilla Munch 650G,1
Goriertaly 200pcs/set Enjoy Cup Of Tea Tea Filter Bag For Easy Brewing Wide white 1Set,1
Goriertaly 100pcs Bag Teabags with String Empty Scented Seal Pouch Paper Herb Leaf Infuser Fabric Pocket Disposable Multi-function As Shown 1Set,1
Goodman's Noodleman Soup Mix,1
Goldfish Crisps Salt & Vinegar,1
Goldenfry Beef Gravy 300g,1
GoldenFresh84g,1
Golden Valley Medium White Eggs,1
Golden Valley Jumbo White Eggs,1
Golden Valley Extra Large White Eggs,1
Golden Syrup Puds,1
Golden Fluff Stix Potato BBQ 5pk KFP 5x24g,1
GoldEgg Premium Large White Eggs,1
GoldEgg Organic Medium Eggs,1
GoldEgg Organic Jumbo Eggs,1
GoldEgg Large White Eggs,1
GoldEgg Jumbo White Eggs,1
GoldEgg Grain Fed Large Eggs,1
GoldEgg Free Run Omega-3 Large Eggs,1
Gold32g,1
Gold Stars Sprinkles Pouch,1
Gold Peak lemon iced tea 2.63l,1
Gold Peak Raspberry Iced Tea?2.63l,1
Gold Peak Lemon Tea 2.63L Jug,1
Gold Medal Ribbon Ice Cream,1
Gold Liver Sausage,1
Gold Foil Leaf Festival Cake Leaf Cakes Dessert Pastry Candy Flakes Bakery Bar Food Dishes Tea Drink Decoration DIY Craft Copper,1
Gold Foil Leaf Festival Cake Cookies Decorative Handicrafts Dessert Pastry Candy Flakes Bakery Bar Food Dishes Tea Drink Decoration DIY Craft Copper,1
Gnocchi Classis,1
Gnocchi - tomato & mozzarella,1
Gluten free454g,1
Gluten free snack bars,1
Gluten free cauliflower,1
Gluten free and vegan,1
Gluten Free794g,1
Gluten Free550g,1
Gluten Free510g,1
Gluten Free460g,1
Gluten Free405g,1
Gluten Free400g,1
Gluten Free Veggie Crisps Original 94g,1
Gluten Free Rice Mac & Cheese,1
Gluten Free Crunchy Vanilla,1
Gluten Free,1
Gluten & Lactose Free,1
Glucose Biscuits,1
Glitter Powder 2PK,1
Glicks Coins Chocolate Milk Singles 15g,1
Glicks Coins Chocolate Milk 24pk 360g,1
Glaze 6 Pack480g,1
Glass Oil Bottle With Silicone Brush Silicone Dropper 2 In 1 Portable Heat Resistance Oil Container For Air Fryer Cooking Pancake Baking,1
Givat Yummy Kids Vanilla,1
Givat Yummy Kids Strawberry,1
Givat Whipped Plain cream cheese,1
Givat Strawberry,1
Gius Stfd Crst Dlx,1
Gius Std Crt 4 Chs,1
Gius Std Crt 3 Meat,1
Giunmcul Woven Dried FruitSnack StorageBasket Holiday Deals,1
Giunmcul USB Rechargeable Universal Foldable Drinking Water Bottle Pump Portable Automatic Electric Pump for Home Kitchen Office Camping Online Shopping,1
Giunmcul Thickened Oxford Underwear Storage Box Foldable Zipper Split Trouser Organizer Box Up to 50% Off,1
Giunmcul Thickened Oxford Underwear Storage Box Foldable Zipper Split Trouser Organizer Box Today Discount,1
Giunmcul Rose Flower Ice Cocktail Mix Ice Rose Flower 4 with Ice Tray Clearance Sales,1
Giunmcul Rose Flower Ice Cocktail Mix Ice Rose Flower 4 with Ice Tray 50% Off Clear,1
Giunmcul Plastic Cutting Boards for Kitchen Dishwasher Safe Extra Large Cutting Board for Meat with Juices Grooves Easy Grip Handle Tax Free Weekend,1
Giunmcul Plastic Cutting Boards for Kitchen Dishwasher Safe Extra Large Cutting Board for Meat with Juices Grooves Easy Grip Handle Flash Deals,1
Giunmcul Key Box Pencil for Desk Cosmetics Brush Makeup Tools Organizer Leather Pencil Cup Key Rack Desktop Purse Storage Organizer Up to 65% Off,1
Giunmcul Key Box Pencil for Desk Cosmetics Brush Makeup Tools Organizer Leather Pencil Cup Key Rack Desktop Purse Storage Organizer Online Shopping,1
Giunmcul Household Round Fruit Snacks Sugar Biscuits Striped Fruit Melon Fruit Tax Free Weekend,1
Giunmcul Four-compartment Snack Box Today Discount,1
Giunmcul Four-compartment Snack Box Festival Gift,1
Giunmcul Family Party Fondue Reserve Dish Serving Dish Barbecue Picnic Dish Fruit Tray Clearance Sales,1
Giunmcul Electric Lint Remover for Clothes Furniture Sofa Blanket Bedding Lint Shaver Sweater Shaver Defuzzer Depiller with 3 Speed 6 Leaf Blades 50% Off Clear,1
Giunmcul Easter Lovely Rabbit Tea Bag Hanging Fixed Tea Bag Fixed Tea Bag Tea Cup Wall Decoration Rabbit Differentiator Clearance Sales,1
Giunmcul Bicycle Taillight Type-C Charging Red Blue Outdoor Night Headlight Pen Clip Running Light Festival Gift,1
Giunmcul Bicycle Taillight Type-C Charging Red Blue Outdoor Night Headlight Pen Clip Running Light Deals,1
Ginger Sesame Salad Dressing,1
Ginger Crunch Creams 200g,1
Ginger Ale Zero Sugar2 Litre,1
Ginger & Sesame85g,1
Gifts for Office Home travel Silver,1
Ggiant French Style Green Bean,1
Genuine Bone Folder 2pcs Leather Tools Scoring Folding Creasing Origami,1
Genoa Salami Hot,1
Genoa Original100g,1
Gefilte Fish Roll Sweet KPY,1
Gefilte Fish KFP,1
Gefen Cup & Noodle SoupTomato 12x2.3Oz,1
Gatorade G Fit Watermelon Strawberry 828ml Bottle,1
Gatorade G Fit Watermelon Strawberry 500ml Bottle,1
Gatorade G Fit Tropical Mango 828ml Bottle,1
Gatorade G Fit Tropical Mango 500ml Bottle,1
Gatorade G Fit Citrus Berry 828ml Bottle,1
Gatorade G FIT Watermelon Strawb 6x500ml,1
Gatorade G FIT Tropical Mango 6x500ml,1
Gatorade G FIT Citrus Berry 6x500ml,1
Gasp¨¦sien Sliced Mock Chicken,1
Gasp¨¦sien Sliced Cooked Ham,1
Garment Markers Hanger Sizer Cubes Red,1
Garlicky Goodness198g,1
Garlic156 Millilitre,1
Garlic Style100g,1
Garlic Spread 250g,1
Garlic Pea,1
Garlic Herb170g,1
Garlic Herb135g,1
Garlic Baby Kosher Dill1 Litre,1
Garlic Aioli340 Millilitre,1
Garlic Aioli Mayonnaise Type Dressing,1
Garlic & Onion Pasta Sauce,1
Garlic & Herb8 Each,1
Garlic & Herb340g,1
Garlic & Herb125g,1
Garlic & Crushed Herbs155g,1
Garden Vegetable200g,1
Garden Vegetable Minestrone515 Millilitre,1
Garden Candy Box Nut Snack Organizer Melon Dried Fruit Tray with Lid Compartment Double Storage Box Nut and Dried Fruit Organizer Snack Tray for Kitchen and Parties,1
Gardein Supr¨ºme? Falafel Burger 226g,1
Gardein Supr¨ºme? Black Bean Burger 226g,1
Gardein Supr¨ºme Chick'n Nuggets,1
Gardein Supr¨ºme Chick'n Filets,1
Garam Masala Jar,1
Garam Masala,1
Gar and Her Sce,1
Gaqring Segmented Candy Box Household Nut Box Dried Fruit Box Living Room Snack Box Plastic Fruit Box Snack Box My Orders,1
Gaqring Sac ¨¤ th¨¦ lapin mignon de P?ques suspendu sac ¨¤ th¨¦ fixe sac ¨¤ th¨¦ fixe tasse ¨¤ th¨¦ d¨¦coration murale lapin diff¨¦renciateur Today Deals Prime,1
Gaqring Presse - agrumes citron orange presse - agrumes outils de presse ¨¤ fruits manuels Deals of the Week Clearance,1
Gaqring Pendentif en r¨¦sine de verre color¨¦ flying dragon Summer Savings,1
Gaqring Pendentif en r¨¦sine de verre color¨¦ flying dragon Savings,1
Gaqring Pendentif en r¨¦sine de verre color¨¦ flying dragon Home Decors,1
Gaqring Pendentif en r¨¦sine de verre color¨¦ flying dragon Home Clearance,1
Gaqring Pendentif en r¨¦sine de verre color¨¦ flying dragon Delivery Today,1
Gaqring Mini moulin ¨¤ ail ¨¦lectrique moulin ¨¤ ail ¨¦lectrique sans fil extracteur d'ail machine ¨¤ ¨¦craser l'ail Online Shopping,1
Gaqring Ice Cream Molds Home Make Popsicle Popsicle Diy Ice Cream Frozens Ice Block Box Ice Cream Ice Box Homemade Ice Box Popsicle Summer Savings,1
Gaqring Home Baking Bee Rice Cake Model Critter Cake Model up to 60% off Gifts,1
Gaqring Filtre ¨¤ th¨¦ Humano?de tea art machine acier inoxydable Tea Art Glass Tea Art Filter Creative tea art glass Todays Order For Delivery,1
Gaqring Filtre ¨¤ th¨¦ Humano?de tea art machine acier inoxydable Tea Art Glass Tea Art Filter Creative tea art glass Prime Day Deals,1
Gaqring Filtre ¨¤ th¨¦ Humano?de tea art machine acier inoxydable Tea Art Glass Tea Art Filter Creative tea art glass My Orders,1
Gaqring Ensemble d'entonnoir multifonctionnel cuisine filtre ¨¤ huile en plastique Home 2 - en - 1 ensemble d'entonnoir de filtration d'injection d'huile Deals of the Week Clearance,1
Gaqring D¨¦tails sur Tea Pack Leaf Filter diffuseur Clearance,1
Gaqring Distributeur d'assaisonnement de sauce soja pour bouteille d'huile ¨¤ pointes My Orders,1
Gaqring Distributeur d'assaisonnement de sauce soja pour bouteille d'huile ¨¤ pointes Home Clearance,1
Gaqring DIY Ice Cream Home outils maison cr¨¨me glac¨¦e qualit¨¦ alimentaire Kids make Ice Bar Prime Day Deals,1
Gaqring DIY Ice Cream Home outils maison cr¨¨me glac¨¦e qualit¨¦ alimentaire Kids make Ice Bar Cheap Stuff,1
Gaqring DIY Conjoined Ice Cream Silica Gel ice Cream Flash deals,1
Gaqring DIY 4 Homemade Ice Cream Chocolate Candy With 20 Wooden Sticks Today'S Order,1
Gaqring DIY 4 Homemade Ice Cream Chocolate Candy With 20 Wooden Sticks Online Shopping,1
Gaqring DIY 4 Homemade Ice Cream Chocolate Candy With 20 Wooden Sticks Free,1
Gaqring DIY 4 Homemade Ice Cream Chocolate Candy With 20 Wooden Sticks 10 Days Of Cleaning,1
Gaqring Cuisine maison avec couvercle cinq trous bouteille avec graduation bouteille assaisonnement cuisine ketchup bouteille assaisonnement bouteille on Clearance,1
Gaqring Cuisine maison avec couvercle cinq trous bouteille avec graduation bouteille assaisonnement cuisine ketchup bouteille assaisonnement bouteille Up To 60% Off Gift On Sale,1
Gaqring Cr¨¨me glac¨¦e en silicone Body Ice Cream DIY Summer Savings,1
Gaqring Couvercle ¨¦tanche couvercle de chaudi¨¨re couvercle ¨¤ huile couvercle de chaudi¨¨re vaisselle Tomorrow Delivery,1
Gaqring Coupe - p?te ¨¤ g?teau ¨¤ la cr¨¨me grattoir ¨¤ p?te outil de cuisson Summer Savings,1
Gaqring Coffee Beans Coffee Powder Dry Goods Sealed Container 304 Stainless Steel Sealed Storage Tank Open Box Deals Clearance,1
Gaqring Coffee Beans Coffee Powder Dry Goods Sealed Container 304 Stainless Steel Sealed Storage Tank Cheap Stuff,1
Gaqring Children's Donut Inflatable Stick Party Lollipop Decoration Props Cartoons Creatives Inflatable Stick Summer Savings,1
Gaqring Candy Box Nut Snack Organizer Melon Dried Fruit Tray With Lid Compartment Double Storage Box Nut And Dried Fruit Organizer Snack Tray For Kitchen And Parties Summer Sales Saving Up To 30% Off,1
Gaqring Candy Box Nut Snack Organizer Melon Dried Fruit Tray With Lid Compartment Double Storage Box Nut And Dried Fruit Organizer Snack Tray For Kitchen And Parties Gift for kids,1
Gaqring Brosse ¨¤ huile maison assaisonnement brosse ¨¤ huile Split cuisine alimentaire brosse ¨¤ huile barbecue 10 Days of Cleaning,1
Gaqring Brosse huile contr?l¨¦e bouteille de brosse cuisine haute temp¨¦rature transparent Deals of the Week,1
Gaqring Bouteille de pulv¨¦risation d'huile cuisine maison barbecue huile d'olive cuisson bouilloire de pulv¨¦risation d'huile pulv¨¦risateur d'huile r¨¦ducteur God Spray bouilloire de pulv¨¦risation d U,1
Gaqring Bouteille de pulv¨¦risation d'huile cuisine maison barbecue huile d'olive cuisson bouilloire de pulv¨¦risation d'huile pulv¨¦risateur d'huile r¨¦ducteur God Spray bouilloire de pulv¨¦risation d S,1
Gaqring Barbecue brosse ¨¤ huile chaude cuisson barbecue cuisine g?teau outils de cuisson haute temp¨¦rature barbecue brosse Gift for kids,1
Gaqring Bac ¨¤ snacks portatif compartiment de stockage snacks Candy box Fast Delivery,1
Gaqring 80 cavit¨¦s Petit moule carr¨¦ bricolage chocolat Cupcake g?teau muffin cuisson Home Decors,1
Gaqring 50pcs Empty Teabags String Heat Filter Paper Herb Loose Tea Bag Gift,1
Gaqring 50pcs Empty Teabags String Heat Filter Paper Herb Loose Tea Bag Delivery Today,1
Gaqring 50pcs Empty Teabags String Heat Filter Paper Herb Loose Tea Bag Clearance Promotion,1
Gaqring 3 en 1 acier inoxydable double vide Cola canette bouteille de bi¨¨re 12oz refroidisseur d'isolation avec ouvre - bouteille up to 60% off Gifts Clearance,1
Gaqring 3 en 1 acier inoxydable double vide Cola canette bouteille de bi¨¨re 12oz refroidisseur d'isolation avec ouvre - bouteille Up to 60% off Gifts,1
Gaqring 3 en 1 acier inoxydable double vide Cola canette bouteille de bi¨¨re 12oz refroidisseur d'isolation avec ouvre - bouteille Online Shopping,1
Gaqring 100pcs Empty Teabags String Heat Filter Paper Herb Loose Tea Bag on Clearance,1
Gaqring 100pcs Empty Teabags String Heat Filter Paper Herb Loose Tea Bag Up to 60% off Gifts,1
Gaqring 100pcs Empty Teabags String Heat Filter Paper Herb Loose Tea Bag Holiday sales,1
Gaqring 100pcs Empty Teabags String Heat Filter Paper Herb Loose Tea Bag Free,1
Gaqring 100pcs Empty Teabags String Heat Filter Paper Herb Loose Tea Bag Deals,1
Gaqring 100 pailles ray¨¦es de diff¨¦rentes couleurs pour le caf¨¦ Cocktail Shake Summer Sales Saving Up To 30% Off,1
Gaqring 100 pailles ray¨¦es de diff¨¦rentes couleurs pour le caf¨¦ Cocktail Shake Free,1
Gaqring 100 pailles ray¨¦es de diff¨¦rentes couleurs pour le caf¨¦ Cocktail Shake Best Sellers Items,1
Gaqring 100 pailles ray¨¦es de diff¨¦rentes couleurs pour le caf¨¦ Cocktail Shake Best Buy,1
Ganfancp Silica Gel Tea Bag Tea Filter Silica Gel Tea Filter for Home,1
Ganfancp Segmented Candy Box Household Nut Box Dried Fruit Box Living Room Snack Box Plastic Fruit Box Snack Box Weekly Deals,1
Galil Raspberry Preserve,1
Galil Preserve Blackcurrant,1
"Galil Mixed Berry Preserve,",1
GV thick cut bacon,1
GV fully cooked smoked bacon,1
GV YELLOW GREEN BE,1
GV ORIGINAL 850G,1
GV ORIGINAL 1.7 KG,1
GV ORG APP CDR VIN,1
GV OLIVE MARG 850G,1
GV OLIVE MARG 1.7KG,1
GV MARGARINE 850G,1
GV MARGARINE 427G,1
GV Club Soda,1
GUXIN YELLOW MILLET,1
GUXIN SOYBEAN,1
GUXIN RED BEANS,1
GUXIN MUNG BEANS,1
GURU ORGANIC ENERGY GUAYUSA TROPICAl PUNCH 355ml,1
GUOOl Seasoning Jar small,1
GUOOL Coffee Cup 200ml Ceramic Coffee Cup Coffee Roasters Espresso Shot Coffee Cup inner white,1
GUOOL 2-3 of pack Candy Cane Kids Belly Dance Stick Hanging Decor 3 Pcs,1
GUOOL 10ml DIY Colorants Pigments 10ml yellow 10ml lemon yellow,1
GUOOL 10ml DIY Colorants Pigments 10ml pink,1
GUOOL 10ml DIY Colorants Pigments 10ml brown,1
GUOOL 10ml DIY Colorants Pigments 10ml black,1
GUOOL 10ml DIY Colorants Pigments 10ml 10ml rose red,1
GUMMY PARTY BAG,1
GUMMY FIESTA 40PCS,1
GUM,1
GTS GINGERADE 1.4l,1
GS Salmon Bowl Mediterranean,1
GS Salmon Bowl Fried Rice,1
GS Salmon Bowl Fiesta,1
GS PINK SALMON BN/SKN,1
GS PINK SALMON 418G,1
GS Lemon Dill Salmon,1
GS Creamy Mustard Salmon,1
GS Creamy Chive Salmon,1
GROWTH TANK Mini Espresso Making Machine Manual Coffee Maker Travel Gadgets Black,1
GROUNDED GINGER,1
GRILLED PEPPERS,1
GREEN SICHUAN PEPPER OIl,1
GREEN OLIVES W RED PEPPERS,1
GREEN OLIVES W GARLIC,1
GREEN OLIVES W ALMOND,1
GREEN GIANT Valley Selections ITALIAN BLEND,1
GREEK YOGURT,1
GREEK LIGHT,1
GREEK COFFEE,1
GREAT VAlUE Pl GV AlMOND ORIGINAl,1
GREAT VALUE PL GV BLACKBERRIES,1
GR Slw Rstd Beef,1
GR Shephard Pie,1
GR SUP SAUS SP ITl,1
GR Lm Cpr Chkn,1
GR Lasagna,1
GR Chkn Pot Pie,1
GR 4 Chse Mac,1
GOPURE SOFTB BANA,1
GOPURE SOFTB APPl,1
GOPURE OAT.ORCHARD,1
GOPUR.SOFTBAKOATBAR,1
GOPUR.FR.OAT.BAR.ST.,1
GOPUR.FR.OAT.BAR.BL.,1
GOLDILOCKS HALF ROLL CHOCO,1
GOLDEN ISLAND PORK KOREAN BBQ SNACK BITES 80G,1
GOLDEN ISLAND PORK KOREAN BBQ RECIPE JERKY 80G,1
GOLDEGG GE ORGANIC LG 12,1
GN,1
GM XL Raw Ground Chicken,1
GINGERBREAD MIX,1
GHIRARHELLI GHR MILK CRml SS BAG 151g,1
GFDYREE 4pcs Candy Plate Decor Fruit Storage Holder Nuts Storage Case Bathroom Nuts Container Food Delicate,1
GFDYREE 3pcs Candy Plate Food Tray Decor Clear Tray Snack Container Sweet Candy Case Desktop Box Dried Fruit,1
GF WHITE BREAD,1
GF PANKO CRUMBS,1
GF Crisps Cheddar,1
GEFILTE FISH IN JAR,1
GEFILTE FISH GF,1
GAUVA,1
GATORLYTE CHR LM,1
GATORADE G ZERO POWDER ST ORG,1
GATORADE G ZERO POWDER ST GR,1
GATORADE G ZERO POWDER ST GF,1
GATORADE G ZERO POWDER ST FP,1
GATORADE G ZERO 3FlV 24X591ml,1
GATORADE G POWDER OR,1
GATORADE G POWDER FP,1
GARLIC AND LEMON.,1
GARDEIN SUP CHICKEN WING BBQ,1
GAR MTLS MTBL MRNRA BWL 8/255 G,1
GAR BEEF BROC BWL 8//255 G,1
GALIL Tea Green KPY 20pc,1
GALIL Tea Camomille KPY 20pc,1
G.T.'s TRIlOGY 1.4l,1
G Giant Low Salt Summer Sw Pea,1
G Giant Canned Whole Kernel Cor,1
G Giant Canned Sweetlet Peas. G,1
G Giant Canned Peaches & Cream,1
G Giant Canned Low Salt Cut Bean,1
G Giant Canned Harvest Select N,1
G Giant Canned Cut Green Beans,1
G Giant Canned Cream Style Corn,1
G Giant Canned 1/3 Less Salt W,1
G Giant Canned 1/3 Less Salt Su,1
G Giant Canned 1/3 Less Salt Cu,1
G FIT CIT BRY 500,1
Furlani Tex Mex Knots,1
Furlani Garlic Parmesan Texas Toast 480g,1
Furlani Cranberry & Honey Soft Rolls,1
Furlani Caramelized Onion & Sage Soft Rolls,1
Furlani Aged Cheddar & Garlic Biscuits,1
Funie 100Pcs Kitchen Disposable Drawstring Non-Woven Fabric Tea Herb Filter Bag Pouch,1
Fun Flavours15 Each,1
Fully Cooked85g,1
Fully Cooked300g,1
Fully Cooked 40% Less Salt65g,1
Full Size Bag61g,1
Fufafayo Sac ¨¤ th¨¦ lapin mignon de P?ques suspendu sac ¨¤ th¨¦ fixe sac ¨¤ th¨¦ fixe tasse ¨¤ th¨¦ d¨¦coration murale lapin diff¨¦renciateur moins de 5 $?conomisez jusqu'¨¤ 90%,1
Fufafayo Promotion de liquidation Shampooing pliable gonflable pour les femmes enceintes ?g¨¦es handicap¨¦es,1
Fufafayo Promotion de liquidation Remplacement du filtre pour la s¨¦rie 800 870 880 - 1 Pack,1
Fufafayo Multicouche bo?te ¨¤ bonbons snacks et bo?tes ¨¤ bonbons s¨¦ch¨¦es bo?te ¨¤ bonbons avec compartiment plateau de fruits bo?te ¨¤ bonbons divis¨¦e s¨¦ch¨¦e snacks sucre,1
Fufafayo Moule de couteau de boulangerie de biscuit d'artisanat de g?teau de sucre d'aluminium de moulage moins de 5 $?conomisez jusqu'¨¤ 90% Clearing livraison gratuite,1
Fufafayo Mini moulin ¨¤ ail Mini moulin ¨¤ ail moulin ¨¤ ail manuel petit moulin ¨¤ ail moulin ¨¤ ail moulin ¨¤ ail moins de 5 $?conomisez jusqu'¨¤ 90% Clearing livraison gratuite,1
Fufafayo Manucure bicolore solide miroir poudre carr¨¦ bicolore ongle miroir poudre titane poudre moins de 5 $?conomisez jusqu'¨¤ 90% Clearing livraison gratuite,1
Fufafayo Free Shipping Clearance Bread Loaf Pan Bread Rectangle Non-Stick Baking Deals of the Week Clearance,1
Fufafayo Free Shipping Clearance 4 Hand-held Popsicles With Transparent Self-made Ice Cream With Lid Deals of the Week Clearance,1
Fufafayo Flacon d'assaisonnement extrud¨¦ 11 OZ avec flacon d'assaisonnement chaud ¨¤ clapet huile d'assaisonnement extrud¨¦e gel liquide moins de 5 $?conomisez jusqu'¨¤ 90%,1
Fufafayo D¨¦gagement ¨¤ domicile Silicones Moules ¨¤ chocolat Chocolats Bar Moules Silicones Moules Moules ¨¤ chocolat,1
Fufafayo D¨¦gagement ¨¤ domicile Silicones Moules ¨¤ Chocolat Chocolats Moules ¨¤ Barre Moules Silicones Moules ¨¤ Chocolat,1
Fufafayo D¨¦gagement ¨¤ domicile Glacier Pattern Assaisonnement Pot Assaisonnement M¨¦nage Condiments MSG Assaisonnement Bo?te Shaker Cuisine Assaisonnement Bo?te De Rangement,1
Fufafayo Des ¨¦conomies! Ustensiles de cuisine bouteille d'assaisonnement bouteille de sauce tomate bouteille de sauce salade bouteille de brosse ¨¤ huile bouteille de sauce soja bouteille d'huile,1
Fufafayo Des ¨¦conomies! Soutien lombaire de voiture respirant et respirant pour quatre saisons mignon soutien lombaire,1
Fufafayo Des ¨¦conomies! Single hole sauce bouteille extrud¨¦e cr¨¨me sauce bouteille extrud¨¦e sauce tomate Salade bouteille extrud¨¦e,1
Fufafayo Des ¨¦conomies! Shaker de prot¨¦ine ¨¦lectrique Shaker ¨¦lectrique avec bo?te ¨¤ poudre tasse de m¨¦lange enti¨¨rement automatique,1
Fufafayo Des ¨¦conomies! Presse - agrumes manuel presse - agrumes maison presse - agrumes fruits presse - agrumes Mini presse - agrumes frits jus d'orange citron presse - agrumes orange,1
Fufafayo Des ¨¦conomies! Plaquettes biscuits - plaquettes de cuisson antiadh¨¦sives - plaquettes de cuisson faciles ¨¤ nettoyer et r¨¦utilisables pour la fabrication de biscuits - biscuits,1
Fufafayo Des ¨¦conomies! M¨¢quina de incienso totalmente autom¨¢tica m¨¢quina de incienso de escritorio dom¨¦stica aceite esencial interior comercial del Hotel (solo aceite esencial: 50ml),1
Fufafayo Des ¨¦conomies! Mini plat de soja assaisonn¨¦ avec poign¨¦e pour sauce tomate snacks aromatis¨¦s,1
Fufafayo Des ¨¦conomies! Lollipop silicone peut r¨¦utiliser le silicone pour correspondre ¨¤ lollipop,1
Fufafayo Des ¨¦conomies! Livraison gratuite en acier inoxydable Spinning Whisk 12 pouces semi - automatique Whisk presse manuelle Spinning Whisk pour moins de 5 $?conomisez jusqu'¨¤ 90%,1
Fufafayo Des ¨¦conomies! G?teau fuuny mignon p?tisserie / biscuits / timbre autocollant,1
Fufafayo Des ¨¦conomies! Grain de caf¨¦ poudre de caf¨¦ sec conteneur scell¨¦ 304 r¨¦servoir de stockage scell¨¦ en acier inoxydable,1
Fufafayo Des ¨¦conomies! Filtre ¨¤ soupe cuill¨¨re ¨¤ huile huile de cuisine filtre ¨¤ soupe pi¨¨ces s¨¦par¨¦es,1
Fufafayo Des ¨¦conomies! Distributeur d'assaisonnement de sauce soja pour bouteille d'huile ¨¤ pointes,1
Fufafayo Des ¨¦conomies! Cuisine maison avec couvercle cinq trous bouteille avec graduation bouteille assaisonnement cuisine ketchup bouteille assaisonnement bouteille,1
Fufafayo Des ¨¦conomies! Cuill¨¨re ¨¤ huile de filtre en acier inoxydable cuill¨¨re ¨¤ huile de filtre multifonction en acier inoxydable maille fine filtre ¨¤ huile,1
Fufafayo Des ¨¦conomies! Couvercle ¨¦tanche couvercle de chaudi¨¨re couvercle ¨¤ huile couvercle de chaudi¨¨re vaisselle,1
Fufafayo Des ¨¦conomies! Couvercle de tasse r¨¦glable pour boissons au caf¨¦ chaud et couvercle de tasse en cuir pour bouilloire,1
Fufafayo Des ¨¦conomies! Chrysanth¨¨me lock collier huile de tournesol goutte pendentif double couche peut ouvrir le collier de tournesol,1
Fufafayo Des ¨¦conomies! Brosse ¨¤ barbecue avec bouteille cuisine longue poign¨¦e brosse ¨¤ huile barbecue brosse outils de cuisson,1
Fufafayo Des ¨¦conomies! Bouteille d'injection d'huile ¨¦lectrique Home po¨ºle ¨¤ frire huile d'olive Spray r¨¦duire artefacts verser pot,1
Fufafayo Des ¨¦conomies! Bouteille d'huile maison cuisine verre bouteille d'huile bouteille d'¨¦pices pot d'aromatisation seau ¨¤ huile ¨¦tanche grande capacit¨¦ Cuisine Restaurant,1
Fufafayo Des ¨¦conomies! Bac ¨¤ snacks portatif compartiment de stockage snacks Candy box,1
Fufafayo Des ¨¦conomies! Accueil round fruit snacks sucre biscuits ray¨¦s fruits melon fruits,1
Fufafayo Des ¨¦conomies! Accueil fruits secs moulin ¨¤ ail moulin ¨¤ noix moulin ¨¤ noix main gingembre Grinder,1
Fufafayo Des ¨¦conomies! 304 cuill¨¨re ¨¤ huile ¨¦tanche en acier inoxydable outil de cuisine suspendu cuill¨¨re ¨¤ huile filtre ¨¤ huile filtre ¨¤ huile cuill¨¨re ¨¤ mousse,1
Fufafayo Des ¨¦conomies! 2 / 4 / 5pcs silvr fil chiffon anti - adh¨¦sif linge ¨¤ huile cuisine cuisini¨¨re lave - vaisselle torchon,1
Fufafayo Des ¨¦conomies! 12PCS fruit Star Fudge cake piston moule outil de coupe,1
Fufafayo Des ¨¦conomies! 100 sachets de th¨¦ vides Brochettes de papier filtre thermique Grass Pine Tea Pack,1
Fufafayo Deals of The Day Single Hole Sauces Extrusion Bottle Cream Sauces Extrusion Bottle Tomato Salad Sauces Extrusion Sauces Bottle,1
Fufafayo Deals of The Day Segmented Candy Box Household Nut Box Dried Fruit Box Living Room Snack Box Plastic Fruit Box Snack Box,1
Fufafayo Deals of The Day Rose Flower Ice Cocktail Mix Ice Rose Flower 4 With Ice Tray,1
Fufafayo Deals of The Day Portable Snack Platter Compartmentalized Storage Snack Candy Box,1
Fufafayo Deals of The Day Ice Tray Ice Box Food Grade Ice With Lid Ice Food Supplement,1
Fufafayo Deals of The Day Home Made Popsicles Popsicles Ice Cream MOLDSs Homemade Frost Ice Cream Popsicles Popsicles And Popsicle Boxes,1
Fufafayo Deals of The Day Fruit Tray Clear Snack Display Tray Candy Snack Tray Nut And Dried Fruit Storage Box Snack Tray For Kitchen And Party Food And Pantry Organization,1
Fufafayo Deals of The Day Easter Lovely Rabbit Tea Bag Hanging Fixed Tea Bag Fixed Tea Bag Tea Cup Wall Decoration Rabbit Differentiator,1
Fufafayo Deals of The Day Coffee Filter Cup Drip Cup Hand-brewed Coffee Cup Drip Filter Coffee Filter Cup For Hiking Camping Home Office,1
Fufafayo Deals of The Day Coffee Cup Filter Screen Double-layer Portable Hand Brewed Coffee Folding Ear Filter Drip Coffee Coffee Cup,1
Fufafayo Deals of The Day 4 Hand-held Popsicles With Transparent Self-made Ice Cream With Lid,1
Fufafayo Clearing d¨¦coration de maison Multifonctionnel 5 en 1 ¨¦plucheur pinceau de l¨¦gumes ouvre - bouteille moulin ¨¤ ail moins de 5 $?conomisez jusqu'¨¤ 90% Clearing livraison gratuite,1
Fufafayo Clearing d¨¦coration de maison Mini plat de soja assaisonn¨¦ avec poign¨¦e pour sauce tomate snacks aromatis¨¦s moins de 5 $?conomisez jusqu'¨¤ 90% Clearing livraison gratuite,1
Fufafayo Clearing d¨¦coration de maison Filtre ¨¤ th¨¦ en acier inoxydable en forme de c?ur filtre ¨¤ herbes moins de 5 $?conomisez jusqu'¨¤ 90% Clearing livraison gratuite,1
Fufafayo Clearing d¨¦coration de maison Filtre ¨¤ caf¨¦ filtre pliable en acier inoxydable pour toute tasse moins de 5 $?conomisez jusqu'¨¤ 90% Clearing livraison gratuite,1
Fufafayo Clearing d¨¦coration de maison Distributeur d'assaisonnement de sauce soja pour bouteille d'huile ¨¤ pointes moins de 5 $?conomisez jusqu'¨¤ 90% Clearing livraison gratuite,1
Fufafayo Clearing d¨¦coration de maison Bac ¨¤ snacks portatif compartiment de stockage snacks Candy box moins de 5 $?conomisez jusqu'¨¤ 90% Clearing livraison gratuite,1
Fufafayo Clearing d¨¦coration de maison Accueil Cuisine cuisini¨¨re Foil huile cuisson Hot clapet outils de cuisine moins de 5 $?conomisez jusqu'¨¤ 90% Clearing livraison gratuite,1
Fufafayo Clearance Promotion New Compartment Fruit With Lid Platter Household Candy Box Living Room Fruit Platter Snack Dried Fruit Box,1
Fufafayo Clearance Promotion Candy Box Nut Snack Organizer Melon Dried Fruit Tray With Lid Compartment Storage Box Nut And Dried Fruit Organizer Snack Tray For Kitchen And Parties,1
Fufafayo Clearance Promotion 304 Stainless Steel Large Capacity Multipurpose Oil Filter - Ideal For Grease Cooking Oil And More - Non-Leakage And Drip- Design,1
Fufafayo Brosse ¨¤ bouteille d'huile droite opaque barbecue barbecue brosse ¨¤ huile avec brosse gradu¨¦e outils de cuisine moins de 5 $?conomisez jusqu'¨¤ 90% Clearing livraison gratuite,1
Fufafayo Bouteille d'injection d'huile ¨¦lectrique Home po¨ºle ¨¤ frire huile d'olive Spray r¨¦duire artefacts verser pot moins de 5 $?conomisez jusqu'¨¤ 90% Clearing livraison gratuite,1
Fufafayo 5 en 1 r¨¦cipient d'¨¦pices et poivre Shaker Clear Flavor Shaker Peut filtrer le pot d'¨¦pices en bloc pour la cuisine de la maison Restaurant cuisson steak Grill,1
Fufafayo 1.8l 304 r¨¦servoir de filtre ¨¤ huile en acier inoxydable accueil grande capacit¨¦ cuisine filtre ¨¤ huile r¨¦servoir de stockage moins de 5 $?conomisez jusqu'¨¤ 90%,1
Fudge Tracks1.65 Litre,1
Fruity Sweet pickle sauce,1
Fruited Soft cheese 6pk. small,1
Fruited Soft cheese,1
Fruite Pomberry 6pk,1
Fruit Tray Clear Snack Display Tray Candy Snack Tray Nut and Dried Fruit Storage Box Snack Tray for Kitchen and Party Food and Pantry Organization,1
Fruit Tray,1
Fruit Snacks- Strawberry KPY,1
Fruit Snacks- Jungle KPY,1
Fruit Punch710 Millilitre,1
Fruit Punch Yogurt448g,1
Fruit Punch,1
Fruit Pastilles,1
Fruit Gums,1
Fruit Food Candy Stand for Christmas,1
Fruit Cake Panettone (Cello),1
Fruit & Nut Value Pack28 Each,1
Frozen850g,1
Frozen650g,1
Frozen600g,1
Frozen227g,1
Frozen100g,1
Frozen1.25kg,1
Frozen1 Each,1
Frozen Tandoori Garlic Naan,1
Frozen Soya Sheekh Kebab,1
Frozen Shahi Paneer,1
Frozen Sandwiches,1
Frozen Paneer Tikka Masala,1
Frozen Mini Bars,1
Frozen Dahi Bhalla,1
Frozen 7-9kg9kg,1
Frozen 5-7kg6kg,1
Frozen 3-5kg4kg,1
Frosted Strawberry Flavour384g,1
Frosted Chocolate Fudge Flavour384g,1
Froot Loops Cereal 6 Inseam Lined Swim Trunks-Small (28-30),1
Froot Loop Marshmellow Cereal 315Gx12,1
Frontier Bakery Lebanese Style Whole Wheat Pita Bread,1
Frontier Bakery Lebanese Style White Pita Bread,1
Fromage Tranche L¨¦g¨¨re (Edam),1
Fromage Tranche L??g?¡§re,1
Fried Rice,1
Fried Pork Dumplings,1
Freshwater Shrimp Food Ornamental Shrimp Feed Natural Healthy Sapphire Shrimp,1
Freshii Energii Bites,1
Freshii Cocoa Energii Bites,1
FreshFamily Pack812g,1
Fresh975g,1
Fresh90g,1
Fresh800g,1
Fresh782.5g,1
Fresh680g,1
Fresh660g,1
Fresh550g,1
Fresh500g,1
Fresh420g,1
Fresh40g,1
Fresh375g,1
Fresh365g,1
Fresh360g,1
Fresh28g,1
Fresh285g,1
Fresh280g,1
Fresh250g,1
Fresh240g,1
Fresh227g,1
Fresh200g,1
Fresh1kg,1
Fresh170g,1
Fresh160g,1
Fresh10kg,1
Fresh1.95kg,1
Fresh1.93kg,1
Fresh1.7kg,1
Fresh1.48kg,1
Fresh1.24kg,1
Fresh1.16kg,1
Fresh1.09kg,1
Fresh stuffed pasta with mushroom,1
Fresh soft white cheese bites 130g,1
Fresh soft white cheese 150g,1
Fresh soft white cheese,1
Fresh chicken Breast meat Family pack,1
Fresh Vegetables567g,1
Fresh Valencia orange flavor with a citrus zest aroma,1
Fresh Ricotta & Spinach300g,1
Fresh Mint200 Each,1
Fresh Mesh Bag113g,1
Fresh Mesh Bag10 Ounce,1
Fresh Local Lock City Butter,1
Fresh Kosher Chicken,1
Fresh Family Pack750g,1
Fresh Express Family Size Caesar Salad Kit,1
Fresh Dress Lemon Garlic Dressing,1
Fresh Chicken part,1
Fresh BunchedOrganic1 Each,1
Fresh Bulk168.33g,1
Fresh Attitude Spring Mix,1
Fresh Attitude Southwest Salad Kit,1
Fresh Attitude San Marino Mix,1
Fresh Attitude Prewashed Caesar Family Kit,1
Fresh Attitude Prewashed Baby Kale Blend,1
Fresh Attitude Prewashed Arugula,1
Fresh Attitude Organic Baby Spinach,1
Fresh Attitude Caesar Salad Kit,1
Fresh Attitude Baby Spinach,1
Fresh Attitude Baby Kale Blend,1
French VanillaGrab N'Go900g,1
French Vanilla Ice Cream,1
French Style Green Beans 750g,1
French RoastGrab N'Go800g,1
French Roast800g,1
French Press,1
Free-Flowing Golden Cane Sugar450g,1
Freddo Milk choc Chunky 160g,1
Freddo Milk Choc Chips,1
Freddo Dark Choc Chips,1
Freddo Chunky Milk Chocolate Caramel Squares 160g,1
Fox's Jam'n' Creams 150g,1
Fox's Golden Crunch Creams 200g,1
Four Cheese680 Millilitre,1
Four Cheese156g,1
Four Cheese Pasta Sauce,1
Four Cheese Alfredo,1
Forever Raspberry8 Each,1
Forever Pineapple1 Litre,1
Forever Lychee8 Each,1
Forever Lime1 Litre,1
Forever Lemon8 Each,1
Forever Lemon1 Litre,1
Forever LIme8 Each,1
Forever Grapefruit8 Each,1
Forever Ginger Lime8 Each,1
Forever Blackberry8 Each,1
For one,1
For ddlers Age 3 Years and Up Snowflake Beef,1
For a young family,1
For a family,1
For The Strong & Spicy Mint Lover,1
For Sensitive Teeth Pen,1
For Home Office Pink,1
For Bakery Kitchen Accessory Restaurant Home 3 Grooves,1
Foodfest Haddock Fillets KPY 400g,1
Food-grade Stainless Steel Multi-Grooves Waves Silver For Home Bakery 3 Grooves,1
Food Toy Kitchen Set for Toddlers Age 3 Years and Up Skills Sushi,1
Food Grade keeping Bottle Honey Gate Extractor Tool Orange,1
Food Grade Silicone Rice Spoon Heat Resistant Salad Blue #,1
Food For Toddlers Age 3 Years and Age Educational Tuna sushi,1
Food Coloring Pen Edible Markers for Decorating Easter Eggs Painting Writing Red,1
Food Coloring Pen Edible Markers for Decorating Easter Eggs Painting Writing Brown,1
Food Coloring Pen Edible Markers for Decorating Easter Eggs Painting Writing Blue,1
Food And Fruit Wal&mart Deals Victoria Day,1
Food And Fruit Summer Savings Wal&mart Deals,1
Food And Fruit Flash Deal Clearance Labour Day,1
Fontaine Sant¨¦ Humm! Roasted Red Pepper,1
Fondant Mold Cake Decor Scissor Hammer ladder Fondant Mould Baking Pan Home Bakery Baking Tool,1
Folgers 1850 Pioneer Blend Ground Coffee 340g,1
Foil Wrapped4 Each,1
Foggy Notion,1
FloreceBien 4Pcs Rectangle Sofa Height Pad Black Matte PP Plastic Furniture Accessories 2in,1
Fleischmann's Margarine Quarters Unsalted,1
Flavoured Sandwich Biscuits,1
Flavour and Heat,1
Flavour Mix42 Each,1
Flavour Blasted Xplosive Pizza180g,1
Flattened Rice,1
Flamingo Fresh Whole turkey 3-5kg,1
Flamingo BBQ wings,1
Flamin' Hot285g,1
Flamin' Hot210g,1
Flam Honey N Garlic wings,1
Five Style£¨Red£©,1
Five Style£¨Orange£©,1
Five Style£¨Coffee£©,1
Five Flavors Of Goji Berry Tea Four Famous Bubbles Wolfberry Schisandra Dodder,1
Fiudx Flash Deals Of The Day Online Only Dinosaur Tea Maker Stock Dragon Tea Bag Tea Filter,1
Fish Gefilte Sweet (Pack of 12),1
Fish Crisp,1
Fire Roasted Tomato & Garlic,1
Finger,1
Finest Call 1 Gallon Margarita Mix Concentrate - Tangy Lime Flavor,1
Fine Liverwurst,1
Fine Liver Sausage,1
Fine Herbs Glazed Country Style Pate150g,1
Fine Grind1.36kg,1
Fine Flour Fried Patties,1
Fine,1
Filter Screen Filter Mesh Professional Anti Corrosion for Replacement 55mm 1mm Thick,1
Filter Screen Filter Mesh Professional Anti Corrosion for Replacement 51mm 1mm Thick,1
Filter Screen Filter Mesh Making Filter Screen for Replacement 51mm 2mm Thick,1
Filter Mesh Coffee Basket Powder Strainer Long Handle Stainless Machine Accessories Convenience Smooth Steel Rustproof Multipurpose Handily Gripped Filtering Net Type 4,1
Filter Mesh Coffee Basket Powder Strainer Long Handle Stainless Long Steel Rustproof Multipurpose Handily Gripped Filtering Net Type 1,1
Filter Mesh Coffee Basket Powder Strainer Long Handle Craftsmanship Multipurpose Stainless Steel Rustproof Multipurpose Handily Gripped Filtering Net Type 2,1
Filter Mesh Coffee Basket Powder Strainer Long Convenience Smooth Surface Handle Stainless Steel Rustproof Multipurpose Handily Gripped Filtering Net Type 1,1
Filter Mesh Coffee Basket Powder Strainer Basket Long Handle Stainless Steel Rustproof Multipurpose Handily Gripped Filtering Net Type 2,1
Filter Mesh Coffee Basket Powder Multipurpose Powder Strainer Long Handle Stainless Steel Rustproof Multipurpose Handily Gripped Filtering Net Type 6,1
Filter Mesh Coffee Basket Powder Machine Accessories Convenience Strainer Long Handle Stainless Steel Rustproof Multipurpose Handily Gripped Filtering Net Type 7,1
Filter MPR 1500,1
Fil Hot Dog,1
Fiery Mackerel in Spicy Vegetable Oil - 12 x 120g | 4.2oz (12-Pack) - Deliciously Preserved Portuguese Delight - Convenient Canned Seafood - Product of Portugal,1
Fiery Jalapeno Flavour Crackers145g,1
Fieldberry650g,1
Fieldberry5 Each,1
Fieldberry140g,1
Field330g,1
Fiber Drain Noodle Bowl large Instant Noodle Bowl,1
Fever-Tree Ginger Beer 4x200ml,1
Fever-Tree Ginger Ale 4x200ml,1
Fettuccine Pasta375g,1
Fettuccine Alfred w/Chkn & Brc,1
Feta cheeze flavour crumbles,1
Feta cheese,1
Feta Dressing,1
Ferma Yellow Corn Four,1
Fennel Tea KPY,1
Faux Fur Solid Jacket Fluffy Teddy Bear Fleece Zipper Pockets Long Sleeve Casual Street Wear,1
Faucet Splash Catcher Silicone Absorbent Mat for Bathroom Vanity,1
Fat Free680 Millilitre,1
Fat Free473 Millilitre,1
Fat Free4 Litre,1
Fat Free Marinara Pasta Sauce,1
"Fat Free Instant Vegetable Noodle Soup No MSG 1.92 oz.
Treat yourself to a hearty vegetable-flavored soup in minutes.
Just add hot water.
No MSG added.
Fat Free
",1
,
"Fat Free Instant Chicken Noodle Soup No MSG 1.92oz.
Treat yourself to a hearty chicken-flavored soup in minutes.
Just add hot water.
No MSG added.
",1
,
"Fat Free Classic Marinara Sauce 26oz.
and chicken dishes.
Smooth and flavorful authentic marinara sauce.
All Natural.
Gluten Free.
",1
,
Fat Free,1
Fashion4 Each,1
Farmers 20/80 Butter Blend Soft Spread,1
Farmers 20/80 Butter Blend Hard Spread,1
Farmers 1% Chocolate Milk,1
Farmer's Finest Comfort Coop Large Eggs,1
Farmed Frozen680g,1
Farfalle Tricolor454g,1
Fantino & Mondello Pepe Nero & Vino Rosso Salametti Festive Duo,1
Fancy750g,1
Family Size725g,1
Family Size625g,1
Family Size591g,1
Family Size580g,1
Family Size570g,1
Family Size560g,1
Family Size526g,1
Family Size480g,1
Family Size436g,1
Family Size Meat Lasagna,1
Family Package Noodles Soup,1
Family Pack18 Each,1
Family Pack1.5kg,1
Family Pack1 Each,1
Family Pack.500g,1
Family Kit Caesar 427g,1
Familiar from the very first sip.,1
Fall Savings Kttectoa Colored Flame Cles Birthday Cles Party Cake Cles CoolGood-looking Deals on sports & rec,1
Fall Ornamentals8 Each,1
Falafel Balls Heat & Serve,1
Fake Candy Decorations DIY Material Set Soft Ceramics Polymer Clay Phone Case Material,1
FRUIT POPS,1
FRK SP FRIES CHURRO,1
FRK ORG WC PUFF,1
FRANKS REDHOT SCE THCK GRLC PRMS,1
FOODFEST Surimi Flake (Crab) 400g,1
FONDANT BLACK 24OZ,1
FOCO LYCHEE NECTAR DRINK,1
FLAVOURED CHOCO CHIP SANDWICH COOKIES,1
FLATBREADS ONION,1
FLAMINGO TURKEY UT 3-5 FRZN,1
FLAMINGO TURKEY GA 7-9 FRZN,1
FLAMINGO TURKEY GA 5-7 FRZN,1
FLAMINGO TURKEY GA 3-5 FRZN,1
FINN-ORIGINAl,1
FINN-MULTIGRAIN,1
FINE EGG NOODLES,1
FG HLZNUT CRM 30CT,1
FG FRNCH VNILLA 272G,1
FF STRWmlKSHK CRl,1
FARRO,1
FAJHHA Cups£¬Plastic Cups£¬Coffee Cups£¬Disposable Cups Clearance Sales Today Deals Prime Lazy Automatic Magnetic Stirring Cup coffee Grain Powder Brewing Cup,1
F,1
Extreme shine & protection,1
Extreme Griller - 284G,1
Extreme CheddarFamily Size750g,1
Extraction Household Coffee Maker Kettle High Borosilicate Glass With Handle For Office For Home 1000ml,1
Extra Virgin Olive Oil85g,1
Extra Virgin Olive Oil,1
Extra Lean422g,1
Extra Ketchup200g,1
Extra Hot250 Millilitre,1
Extra Hot100g,1
Extra Firm350g,1
Extra Cheesy Pizza,1
Explosion Proof Coffee Pot Electroplated Grey For Kitchen 500ml,1
Evian 750ml,1
Evian 1l,1
Everything4 Each,1
Eversweet Margarine - 454g,1
Evenly Extraction Detachable Coffee Filter Basket Stainless Steel For Coffee Filter For Cafe 3 Ears,1
European sausages 375g,1
"Established 1706
More Than 300 Years of Expertise
Sealed for Freshness
A soothing herbal tea made with camomile and the slightly sweet flavours of honey & vanilla",1
,
Essence Rye Whisky - 50ml | 1.69 oz (3/Pack),1
Essence Cherry Brandy Liqueur - 50ml | 1.69 oz (3/Pack),1
Essence American Bourbon - 50ml | 1.69 oz (3/Pack),1
Espresso Portable Coffee Bean 5 Adjustable Stop Espresso Portable Coffee Bean 5 Auto Stop Espresso Bin Type-c Office Adjustable Auto Stop Portable Coffee With 5 Adjustable Auto,1
Espremedor Extrator Industrial Sucos Laranja Lim?o Frutas Inox Copo espremedor de laranja eletrico espremedor de suco fruta fru,1
Escurridor de pl¨¢stico con punta de aguja botella exprimible a prueba de fugas para cocina ensalada salsa 120/250/450ml,1
Ergonomic Seat Cushion Made Of Memory Foam > Ergonomic Seat Cover With Removable Anti-slip Cover Jp,1
Equate 4L Distilled Water,1
Envirokidz Panda Puffs,1
Envirokidz Leapin' Lemurs,1
Enriched10kg,1
Enqiretly Soup Flask Soup Food Flask Soup Food Flask For Hot Food Flask For Hot Food Soup pink 630ml,1
Enqiretly Soup Flask Soup Food Flask Soup Food Flask For Hot Food Flask For Hot Food Soup green 630ml,1
Enqiretly Easy To Clean Doughs Pressing Tool For Homemade Tortillas Heat-resistant Tortillas To Corn Tortillas balck 20cm,1
Enqiretly Coffee Filter Handheld Strainers Drink Strainer Professional Practical Kitchenware Handily Gripped Filtering Bag 100mm 1Set,1
Enqiretly Birthday cake with card balloons,1
Enqiretly 200piece Convenient And Hygienic Tea Bags Made With Non-woven Wide Application Tea Bags white 3Set,1
Enlivened flavor and aroma of roasted ¡°Cumin¡±,1
Enjoy! Almond Unsweetened Vanilla Plant-Based Beverage,1
Enjoy! Almond Unsweetened Original Plant-Based Beverage,1
Enjoy The Happiness Of Homemade Ice Cream,1
Ener-C - Vitamin C Effervescent Powdered Drink Mix Orange 1000 mg. - 30 Packet(s),1
End of Season Clearance JASKFlY Home Baking Bee Rice Cake Model Critter Cake Model,1
End of Season Clearance JASKFLY Ice Candy Food Grade Of BPA,1
End of Season Clearance JASKFLY Diy Alphabet Number Cake Unique Fondant Shape Cake Fondant,1
Empty Tea Bags Filter Loose Paper Teabags Herb K U String Seal NEW F0V7,1
Empty Tea Bags Filter Loose Paper Teabags Herb K U String Seal NEW C2G1,1
Elodie 2pcs Dried Flowers BouquetS Dried Plants Wedding Boho,1
Elite Platinum Instant coffee.,1
Electroplated Grey Coffee Pot High Borosilicate Glass For Kitchen 500ml,1
Electrolyte Beverage 591ml,1
Electric milk juice drink straw new cola soda press automatic water dispenser magic tap,1
Electric Pepper Mill Shaker Adjustable Miller Spice Crusher Black,1
Electric Melting Pot,1
Electric Foot File Vacuum Callus Remover Pedicure Tools Dead Skin Callus Remover Foot Files Usb Rechargeable Foot Skin Care Tool,1
Elderflower4 Each,1
Eggplant,1
Eggo Buttermilk Waffles 280g,1
Egg and Bacon Breakfast Bowl200g,1
Egg Salad Wedge,1
Egg,1
Effortlessly create a variety of saucy meals!,1
Ecoideas - Organic Fermented Cocoa Butter | Multiple Sizes,1
Eat Well Pinty's Chicken Cutlettes,1
Eat Smart Chopped & Crumbled Bacon Bistro,1
Eat Smart Cauliflower Florets,1
Eat Smart Broccoli Slaw,1
Eat Smart Broccoli Florets,1
Eat Smart Broccoli And Cauliflower Florets,1
Easy To Operate Sealing Ring Coffee Maker Pot For Camping 50ml,1
Easy Pizzi 3 Cheese3 Each,1
Easy Demoulding For Bakery Home 3 Grooves,1
Easter Silicone Chocolate Cake Decorating Tools 7.5X6X5.5cm M,1
Easter Eggs Painting Drawing Writing - Black,1
Easter Candy Boxes,1
Easter Cake Custard 750g,1
Easter Cake Chocolate 750g,1
Earthy chickpea goodness,1
Earth's Own Oat Creamers Cinnamon Cookie Dough 946ml,1
Earth's Own Oat Coffee Creamer Original 946ml,1
Earth's Own Oat Beverage Chocolate 1.75l,1
Earth Fresh Organic Yellow Baby Potatoes,1
Earth Fresh Gourmet Mini Mixed Potatoes,1
Earth Fresh Fingerling Gourmet Potatoes,1
Each Lollipop Comes With A Small Stick Clearance,1
Each Lollipop Comes With A Small Stick,1
EXTREME PICKlE SPEAR GARlIC & DIll 750ml,1
ENJOYW Water Cup Smooth Reliable Durable Coffee Capsule Cup for Bar Restaurant Coffee Cup,1
ENJOYW Ergonomic Retractable Coffee Filter Ergonomic Retractable Plastic Stable Even Filtration Coffee Strainer for Home Coffee Fi,1
ENJOYW Coffee Cup Anti-rust Leak Proof Stainless Steel Stainless Steel Coffee Capsule Cup for Home Coffee Cup Stainless St,1
ENJOYW 100pcs White Non-woven Empty Teabags String Filter Paper Herb Loose Tea Bag Empty Teabags,1
ENJOYW 100Pcs Round Wood Replacement Filter Papers for Number 6/9 Coffee Marker Pot Filter Paper,1
ENJOYW 100Pcs Kitchen Disposable Drawstring Non-Woven Fabric Tea Herb Filter Bag Pouch Tea Bag,1
EN AVOCADO OIl,1
EGGPlANTS IN OIl,1
EGGPLANT DIP,1
EG TF STWBRY CHSECK FRZ WFL 6CT 330GMX8,1
EG TF ORIG FRZ WFL 6CT 330GMX 8,1
EG TF CINN BRWN SGR FRZ WFL-?T 330GMX8,1
EG TF BLUBRRY FRZ WFL 6CT 330GMX8,1
EG HMSTYL ORIG WFL 8CT 280GR EMOJI,1
EG CHOC CHIP BNA WFL 280GMX12,1
EG BTRmlK FRZ PANC 8CT 280GMX16,1
ECACHE CUISINE WHITE SUGAR,1
ECACHE CUISINE GOLDEN YELLOW SUGAR,1
ECACHE CUISINE BROWN SUGAR,1
E-ZAVIDA ZAVHAZLVESP,1
E-ZAVIDA ZAVCRMBRULESP,1
E-ZAVIDA HZLNTVANESP,1
E-ZAVIDA CHOCTRUFPODS,1
E-YOUNG & YOUNG PANCIT CHOW MEIN,1
E-WELCHS 6CT WLCHJFULSMF,1
E-WELCHS 6CT WLCHJFULSBB,1
E-WATSON WATSON SEAFOOD JELLY,1
E-WATSON LT KLM CK STWB FMPK,1
E-WATSON CHOCOLATE BISCUIT,1
E-WATERBRIDGE WB SOUR BITES,1
E-VERKA VRK SONAMASOORI RICE,1
E-VERKA VRK MIX FRUIT JAM,1
E-VERKA SILVER ELEP. RICE,1
E-VERKA NUTRELA SOYA CHUNKS,1
E-VERKA LJ PUNJABI PAPADS,1
E-VERKA BIK GULAB JAMUN,1
E-V8 V8 SPICY,1
E-UNFI WHT SHELLS VEGAN CH,1
E-UNFI SWT CHILI CAULI WNGS,1
E-UNFI ORG BLACK TEA 40CT,1
E-UNFI MAC & VEGAN CHEESE,1
E-UNFI CHICK'N TENDERS,1
E-UNFI ALTR ECO SLT CRml TR,1
E-UNFI ALTR ECO MNT CRM TRF,1
E-ULKER ULKER TEA BISCUIT,1
E-ULKER ULKER HALLEY BISCUIT,1
E-TWIX TWIX FUN SIZE 8CT,1
E-TRIDENT TRIDENT SlB Wml,1
E-TRADITIONAL MEDICI SMOOTH MOVE PEPMINT,1
E-TRADITIONAL MEDICI RASPBERRY LEAF,1
E-TIPIAK TIPIAK PEARLS 350G,1
E-TIPIAK TIPIAK GRAIN TOM&OR,1
E-TIPIAK TIPIAK GRAIN GAR&OIl,1
E-TIM HORTONS TH GRANOLA CAF?MOCHA,1
E-TIM HORTONS TH COLUMBIAN SS 48CT,1
E-TIM HORTONS TDL KCUP CAR TOF,1
E-TAZO TAZO GRN MATCHA CONC,1
E-SWEETARTS CANDY SWEETARTS ROPE STRAW,1
E-SWEET WORKSHOP SWIRL POP,1
E-SWEET WORKSHOP LLAMA/SLOTH/UNIC POP,1
E-SWEET WORKSHOP LLAMA/NARWH/UNIC MM,1
E-SWEET WORKSHOP JELLY UNICORN KEBAB,1
E-SWEET WORKSHOP JELLY SUMMER KEBAB,1
E-SWEET WORKSHOP ICE CREAM MARSHM,1
E-SUNMAID SM MIX BRY RAIS SOUR,1
E-SUNBULAH SPINACH VEGAN KIBBEH,1
E-SUNBULAH MARG PIZZA KIBBEH,1
E-SUNBULAH BUT CHICKEN KIBBEH,1
E-STASH TEA BREAKFAST IN PARIS,1
E-STARBURST STARBURST STRW GEl,1
E-STARBURST STARBURST CHERRY GEl,1
E-STARBURST STARBURST BlUE GEl,1
E-SPRAGUE SPRAGUE MIXED VEG,1
E-SPRAGUE RED KIDNEYS,1
E-SPRAGUE ORGANIC RED KIDNEYS,1
E-SPRAGUE ORGANIC BLACK BEANS,1
E-SPRAGUE CHICKPEAS,1
E-SPRAGUE BLACK BEANS,1
E-SOUTH WORD SW ROCK SUGAR,1
E-SNO SNO CANDYCANE TUB,1
E-SNICKERS SNK ORIG FS 8CT,1
E-SKITTlES SKITTlES WB GEl,1
E-SKITTlES SKITTlES ORG GEl,1
E-SKITTLES SK ORIGINAL 92G,1
E-SHREDDIES HONEY SHREDDIES,1
E-SAMYANG SY KIMCHI RAMEN,1
E-SAMYANG SY CHICKEN HABANERO,1
E-SAMYANG OTG JINRAMEN SPICY,1
E-SAMYANG JIN RAMEN MILD,1
E-SAMYANG EG CCNmlK ORG,1
E-SAMYANG EG BBL TEA TARO,1
E-SAMYANG EG BBL TEA BLSUGAR,1
E-S&F FOOD IMPORT POLISH SESAME SNAPS,1
E-RISE RISE SODA ORNGE,1
E-RISE RISE SODA LEM LIME,1
E-REKO REKO PIZZELLE MAPLE,1
E-REGAL MARSHMALLOW CONES,1
E-REDPATH MITRPHOL FINE SUGAR,1
E-QUINTA QUINOA QUINTA QUINOA,1
E-QUAKER PRIME STRAWBERRY WM,1
E-QUAKER PRIME META MOON,1
E-QUAKER PRIME BLUE RASPBERRY,1
E-PRIME PRIME LEMONADE,1
E-PRIME PRIME ICE POP,1
E-PRANA BIOVEGETALIE PRANAORGFLX&CHIA225G,1
E-POWERADE PW ZS FRUIT PUNCH,1
E-PINNAClE FOODS GR SUP CKN WNG BFl,1
E-PINNACLE FOODS GR SUP SAUS BRTWS,1
E-PERRIER PERRIER lIME 8X330ml,1
E-PERRIER PERRIER RG 8X330ml,1
E-PERRIER PERRIER GRPF 8X330ml,1
E-PERRIER PERRIER GNlM 8X330ml,1
E-PEPSI PEPSI ZSR LIME?,1
E-PEPSI PEPSI ZERO CHERRY,1
E-OG LITE DRSG OG RANCH PARM,1
E-OCEAN'S HALO ORGANIC STICKY RICE,1
E-OCEAN'S HALO OH ORG RICE PAPER,1
E-NO BRAND FRESHVEG MIXED PICKLE,1
E-NO BRAND FRESHVEG MANGO PICKLE,1
E-NEW TREASURE NT LG WHITE RICE,1
E-NESTLE TOBLERONE TUB,1
E-NESTLE NTH SEMI-SWEET CHOCO,1
E-NESTLE NTH MILK CHOCO,1
E-NESTLE NTH DARKCHOCOLATE,1
E-NESCAFE NESCAFE GLD SMOOTH,1
E-NATREl NAT PlS VAN 2% 2l,1
E-NANAK NANUK SMK COHO SLMN,1
E-MR GOUDAS MUSHROOM 284ml,1
E-MONSTER ENERGY MONSTER RESERVE WmlN,1
E-MONSTER ENERGY MONSTER RESERVE PNPl,1
E-MCCORMICK MCC ZAATAR,1
E-MCCORMICK MCC GRMT CHIMICHURRI,1
E-MCCORMICK MCC GARAM MASALA,1
E-MARS MARS ORIG FS 8CT,1
E-MAISON ORPHEE MO ORG O-F MUSTARD,1
E-MAISON ORPHEE MO MAP-DIJ DRESSING,1
E-MAISON ORPHEE MO CEASAR DRESSING,1
E-MAGGI MAGGI ALLPURP SEASON,1
E-MAGGI MAGGI 2MIN N SPICY/E,1
E-M&MS M&MS PB PEG 100G,1
E-M&MS M&MS PB PEG,1
E-M&MS M&MS MINIS PB,1
E-M&MS M&MS MC SUP 345G,1
E-M&MS M&MS MC 165G,1
E-M&MS M&MS CARAMEL155G,1
E-M&MS M&M'S PEANUT 165G,1
E-M&MS M&M'S ALMOND 155G,1
E-M&MS M&M CLS MIX 155G,1
E-M&MS M&M CL MIX PEG,1
E-LIPTON TATA TEA MASLA-50CT,1
E-LIPTON MATZO BALL&SOUP MIX,1
E-LECLERC TRAD.OAT.CHOC.CHIP,1
E-LECLERC NUGABAR.CHOCO.FUDGE,1
E-LECLERC COOK.TRAD.STRAWBERRY,1
E-LAVAZZA LZ ROSSA 340GR WB,1
E-LAVAZZA LVZ ROSSA GRND,1
E-LAVAZZA LAVAZZA ORO BEANS,1
E-LAVAZZA LAVAZZA CG BRICK,1
E-LAURA SECORD LS JAMS 6PK BOX,1
E-LAST MOUNTAIN BLUEBERRY SPREAD,1
E-LA COCINA LA COCINA ORIG,1
E-KOHINOOR KOHSLVR10LB,1
E-KNORR KNORR MANCHU SCE MIX,1
E-KNORR CHICKEN BROTH MIX,1
E-KIT KAT KK MILK PS (12X170G),1
E-KIT KAT KK HZLN PS (12X160G),1
E-KIT KAT KK COOKIE DG 15X111G,1
E-KERRS KERRS BUTTERSCOTCH,1
E-KELLOGGS RKSB CHOCCHIP CK,1
E-KELLOGGS CHZIT PARM RNCH CRKR,1
E-KEG KEG HORSERADISH,1
E-JEFF NATHAN GF PANKO CRUMBS,1
E-INDIAN NAT FISH FRIED,1
E-INDIAN NAT BUTTER CHICKEN,1
E-HEINZ HNZ KETCH PKl 375ml,1
E-HARIBO HARIBO STARMIX 284G,1
E-HARDBITE HARDBITE ALL DRESS,1
E-HAGEN DAZS HGDZS STRWBRRS&CRM,1
E-HAGEN DAZS HGDZS MANGO RASPBRRY,1
E-HAGEN DAZS HDZ DVNE CFFCKIESWRl,1
E-HAGEN DAZS HD WHT CHOC RSP TRF,1
E-HAGEN DAZS HD VANILLASWISSALM,1
E-HAGEN DAZS HD VANILLA BEAN,1
E-HAGEN DAZS HD VANILLA,1
E-HAGEN DAZS HD STRAWBERRY,1
E-HAGEN DAZS HD PN PNBT (8X400ml),1
E-HAGEN DAZS HD MNT CHC (8X414ml),1
E-HAGEN DAZS HD EXTRZ STRWBRCHSCK,1
E-HAGEN DAZS HD EXTRZ SLTDCRmlBRN,1
E-HAGEN DAZS HD EXTRZ CKIEDGHDYN,1
E-HAGEN DAZS HD DVNE RSPCHSCKE,1
E-HAGEN DAZS HD DULCE DE LECHE,1
E-HAGEN DAZS HD COFFEE,1
E-HAGEN DAZS HD CHOCOLATEHAZELNUT,1
E-HAGEN DAZS HD CHOCOLATE,1
E-HAGEN DAZS HD CHOC PNT BTTR,1
E-HADDAR PRETZELS HONEY WHEAT,1
E-GREAT VALUE PL NUPAK BK TURTLE BEAN,1
E-GREAT VALUE PL GV CUT GREEN BEANS,1
E-GREAT VALUE PL CANNED PUMPKIN PUREE,1
E-GRACE PAN WHITE CORN MEAl,1
E-GRACE GRACE LON GRAIN P RC,1
E-GRACE GRACE CORNED BEEF,1
E-GRACE GR MNG SODA,1
E-GRACE GR MNDR SODA,1
E-GEFEN VODKA PASTA SAUCE,1
E-GEFEN MED. BARLEY (POLY),1
E-GEFEN CHESTNUT ROAST PEEl,1
E-GEDILLA SNACK CRACKER SALTED,1
E-GEDILLA CORN SNACKS LARGE,1
E-FRANKIE'S FRK ORG JALA PUFF,1
E-FOLGERS FG FRNCH VNILLA 272G,1
E-FIVE YSP COCONUT DRINK,1
E-FIVE WHITE GLUTINOUS RICE,1
E-FIVE RICE CAKE SLICE,1
E-FIVE GUXIN BLACK MILLET,1
E-EXCEl EXCEl RFRS TROP BTl,1
E-EXCEl EXCEl RFRS SBER BTl,1
E-EXCEl EXCEl RFRS BlBRY BTl,1
E-DORA DORA RASPB LIGHT JAM,1
E-DORA DORA PLUS CITRUS,1
E-DEL MONTE DMNT PNPPL (10X50ml),1
E-DAVIDSTEA DVDT COLD 911,1
E-DARE JUICEE BEANS 250 GR,1
E-DAKSHYN CRUNCHN SR CRM&ONION,1
E-DAINTY VANILLA CUPCAKE MIX,1
E-DAINTY FUDGY BROWNIE MIX,1
E-DAINTY DTY BASMATI 1.76KG,1
E-DAINTY CHOCOLATE CAKE MIX,1
E-DAAWAT DAWAT ORG SONA MASRI,1
E-CRUSH CRUSH CREAM 591ml,1
E-CROWN COUSCOUS TRADITIONAl,1
E-CROWN BABY CORN WHOLE,1
E-CROWN BABY CORN CUT,1
E-COVERED BRIDGE SWEET N' SALTY,1
E-COVERED BRIDGE SEA SALT & VINEGAR,1
E-COVERED BRIDGE CREAMY DIll,1
E-COFFEE CRISP CF CRS PS (12X170GR),1
E-CLUB HOUSE VEGETA SEASONING,1
E-CLIC BAS AJVAR VEG SPREAD,1
E-CAPTAIN CRUNCH CAP'NBLUEBERRYPCK,1
E-CAPILANO CAPILANO MGO30+,1
E-CANDESA GOYA YELLOW RICE,1
E-CANDA SIX FORTUNE TS GRAS JELLY DRK-6P,1
E-CANDA SIX FORTUNE LYS TRAD SOUP BASE,1
E-CANADA SAUCE MUSTARD CANADA SAUCE,1
E-CACHE CUISINE WHITE SUGAR,1
E-CACHE CUISINE GOLDEN YELLOW SUGAR,1
E-CACHE CUISINE BROWN SUGAR,1
E-BUENAS BNS SW COCONUT SPR,1
E-BRETON BRETON BASIL 200G,1
E-BRARS HAPPY DAIRY PANEER,1
E-BRARS BRARS DAHI 2% 1.8KG,1
E-BRARS BRAR'S DAHI3.2% 1.8,1
E-BOUNTY BOUNTY FS 8CT,1
E-BLACK RIVER BLACKRIVER TART CHRY,1
E-BLACK RIVER BLACKRIVER APPL MANG,1
E-BISTRO BEN'S FS VEG MED,1
E-BISTRO BEN'S FS MEXICAN,1
E-BISTRO BEN'S FS JASMINE,1
E-BIKAJI BIKAJI KHATTAMEETHA,1
E-BIKAJI BIKAJI ALOO BHUJIA,1
E-BENS ORIGINAL BEN'S WGB 2.27,1
E-BENS ORIGINAL BEN'S CONVERTED 2.27,1
E-BENS ORIGINAL BEN'S 10 TOMATO,1
E-BENS ORIGINAL BEN'S 10 SOUTHWEST,1
E-BENS ORIGINAL BEN'S 10 CHINESE,1
E-BENS ORIGINAL BEN'S 10 CARIBBEAN,1
E-BENS ORGANIC BENS ORGANIC SS,1
E-BASSETTS JELLY BABIES,1
E-BALZAC FARMERS BLEND GRND,1
E-AlTRA SAUCE CHIlI PINEAPPl,1
E-AlTRA S-OIl EXT VIRG GARl,1
E-AlTRA OIl,1
E-AlTRA MAMA FARFEl,1
E-AlTRA DRESSING lITE ITAl,1
E-AlTRA CRISP RICE ORIGINAl,1
E-AlTRA COUSCOUS PEARl,1
E-AURORA SPAGHETTI PASTA,1
E-AURORA POTATO GNOCCHI,1
E-AURORA LE VENEZIANE SPAGHET,1
E-AURORA LE VENEZIANE PENNE R,1
E-AURORA AURORA GNOCCHI,1
E-APO PRODUCT LTD BOY BAWANG BBQ,1
E-AMYS ORGANIC TOFU SCMBL WRAP,1
E-AMYS ORGANIC THAI RED CURRY,1
E-AMYS ORGANIC MAC CHEESE W/CAUl,1
E-AMYS ORGANIC BN & RICE BURRITO ND,1
E-AMYS ORGANIC BN & CHEESE BURRITO,1
E-AMUL SAFFRON LATTE,1
E-AMUL PROCESSED CHEESE,1
E-AMUL PINA COLADA,1
E-AMUL KOOL KOKO,1
E-AMUL KOOL CAFE - HAZELNUT,1
E-AMUL KOOL CAFE - CLASSIC,1
E-AMUL KOOL CAFE - CINNAMON,1
E-AMUL DOUBLE CHOCOLATE MS,1
E-AMUL CARAMELIZED MILK,1
E-AMUL ALMOND SHAKER,1
E-AMIRA MG TABLE SALT,1
E-AMIRA MG SWT CNDNSD WHTNR,1
E-ALTRA WILDBERRY NEPKAR TEA,1
E-ALTRA WAFER MINI BAGS,1
E-ALTRA WAFER COATED W/ TRAY,1
E-ALTRA VARIETY VEG SOUP,1
E-ALTRA TOASTED PASTA RICE,1
E-ALTRA TEA LIGHTS BAG 50PC,1
E-ALTRA TEA LIGHTS BAG 100PC,1
E-ALTRA SYRUP PANCAKE,1
E-ALTRA SUSHI GINGER,1
E-ALTRA SPLIT PEA SOUP,1
E-ALTRA SPARKLING WHITE GJ,1
E-ALTRA SPARKL L CONCORD GJ,1
E-ALTRA SPARKL CATAWBA GR JC,1
E-ALTRA SOUP MIX,1
E-ALTRA SOUP CHICKEN NO MSG,1
E-ALTRA SOUP,1
E-ALTRA SNAKPAK BBQ,1
E-ALTRA SNACKSHOTS MIX-EM,1
E-ALTRA SNACKSHOTS BBQ,1
E-ALTRA SELTZER RASPBERRY,1
E-ALTRA SELTZER ORANGE,1
E-ALTRA SELTZER KIWI STRAWBE,1
E-ALTRA SELTZER BLACK CHERRY,1
E-ALTRA SELTZER,1
E-ALTRA SAUCE TERIYAKI,1
E-ALTRA SAUCE SWEET CHILI,1
E-ALTRA SAUCE SWEET & SOUR,1
E-ALTRA SAUCE SRIRACHA HOT,1
E-ALTRA SAUCE SOY LITE,1
E-ALTRA SAUCE SOY,1
E-ALTRA SAUCE SESAM TERIYAKI,1
E-ALTRA SAUCE,1
E-ALTRA SALT,1
E-ALTRA S-OIL EXT VIRG LEMON,1
E-ALTRA ROSE CHAI TEA 20PK,1
E-ALTRA RICE STICKS 3MM KPY,1
E-ALTRA RASPBERRY TEA 25PK,1
E-ALTRA PRUNES DRIED PITTED,1
E-ALTRA PESTO SAUCE,1
E-ALTRA PEANUT SPREAD CHOCO,1
E-ALTRA PANKO CRUMB SPICY,1
E-ALTRA PANCAKES SPINACH,1
E-ALTRA ONIONS,1
E-ALTRA OIL SESAME KPY,1
E-ALTRA MUSHROOMS NDLES SOUP,1
E-ALTRA MINI L GRAPE JUICE,1
E-ALTRA MINI GRAPE JUICE,1
E-ALTRA MAYONNAISE,1
E-ALTRA MAYO CHIPOTLE,1
E-ALTRA MATZO,1
E-ALTRA LT CONCORD GRAPE JC,1
E-ALTRA LIQUID,1
E-ALTRA LEMON TEA W/NANA,1
E-ALTRA LEMON TEA 25PK,1
E-ALTRA KASHA,1
E-ALTRA KAMUT,1
E-ALTRA JAMS PEACH KPY,1
E-ALTRA JAMS BLUEBERRY KPY,1
E-ALTRA JAM STRAWBERRY KPY,1
E-ALTRA JAM MIX BERRY KPY,1
E-ALTRA JAM APRICOT KPY,1
E-ALTRA GUM FRUIT MINT,1
E-ALTRA GUM FRESH MINT,1
E-ALTRA GRILLED PEPPERS,1
E-ALTRA GREEN TEA WITH NANA,1
E-ALTRA GRAPE LEAVES,1
E-ALTRA GRAPE JUICE,1
E-ALTRA GOURMET GEFILTE FISH,1
E-ALTRA GINGER&CITRUS W/NANA,1
E-ALTRA FISH FILLET WEDGES,1
E-ALTRA FARRO,1
E-ALTRA EGG NOODLES MEDIUM,1
E-ALTRA EGG NOODLES EX FINE,1
E-ALTRA EARL GREY TEA 25PK,1
E-ALTRA DRESSING RANCH,1
E-ALTRA DRESSING MIX SEAS,1
E-ALTRA CROUTONS ITALIAN,1
E-ALTRA CROUTONS CAESAR,1
E-ALTRA CRISP RICE RAINBOW,1
E-ALTRA CRANBERRY TEA 20PK,1
E-ALTRA CRACKER NISH NASH,1
E-ALTRA COUSCOUS TRI-COLOR,1
E-ALTRA COUSCOUS PASTA,1
E-ALTRA COUSCOUS,1
E-ALTRA COOKIES CHOCOLATE,1
E-ALTRA COOKIES,1
E-ALTRA CONCORD GRAPE JUICE,1
E-ALTRA CHOCOLATE BAR DARK,1
E-ALTRA CHOC BAR MILK,1
E-ALTRA CHOC BAR DARK HAZLNT,1
E-ALTRA CHOC BAR DARK ALMOND,1
E-ALTRA CHOC BAR DARK 72%,1
E-ALTRA CHICKEN NOODLES SOUP,1
E-ALTRA CHICKEN NDL SOUP,1
E-ALTRA CHICKEN CONSOMME MIX,1
E-ALTRA CHAMOMILE TEA 20PK,1
E-ALTRA CHAMO TEA W/NANA,1
E-ALTRA CANNED,1
E-ALTRA BREAD CRUMB AMERICAN,1
E-ALTRA BLUSH GRAPE JUICE,1
E-ALTRA BLACK W/NANA MINT,1
E-ALTRA BALSAMIC VINEGAR,1
E-ALTRA APRICOTS TURKISH,1
E-ALTRA ALMONDS SLIVERED,1
E-ALTRA ALMONDS SLICED,1
E-AL PREMIUM TTL CHICKEN BOUILLON,1
E-AL PREMIUM SPICY CHILLI CRISP,1
E-AL PREMIUM SODA KOLA FLAVORED,1
E-AL PREMIUM PTI CINN RND,1
E-AL PREMIUM NUPAK-L.G.PARBOILED,1
E-AL PREMIUM MIKO MISO BEAN CURD,1
E-AL PREMIUM MAYTE SALTED PCHIPS,1
E-AL PREMIUM HOT GARLIC NOODLES,1
E-AL PREMIUM GW BURGUL LIGHT #1,1
E-AGT CHICK PEAS DIP,1
E-AERO AERO TIRAMISU,1
E-AERO AERO SAlTED CARAMEl,1
E-ACHVA HALVA SF GIFT BOX,1
E-ACHVA HALVA MARBLE,1
E-ACHVA CAKE MARBLE,1
E-ACHVA CAKE CHOC CHIP,1
E-ABSOLUTELY FLATBREADS ONION,1
E-AA-1 ITC YIPPEE NOODLES,1
E-4C FOODS 4C GF SEAS 340G,1
E-4C FOODS 4C GF PLAIN 340G,1
E- BGGR STRWBERRY,1
E,1
Dvkptbk Kitchen Utensils & Gadgets Coffee Cup Filter Screen Double-layer Portable Hand Brewed Coffee Folding Ear Filter Free Drip Coffee Coffee Cup Kitchen Gadgets on Clearance,1
Durum wheat flour,1
Durable and Easy to Clean,1
Durable For Families And Coffee Shops Coffee Mesh Filter l 1000ml,1
Dunya Harvest Seeds Blend,1
Dunya Harvest Hemp Seeds Hulled,1
"Dulce de leche ""arequipe"" 6x50g",1
Dulce De Leche Light Roast 12 Pack12 Each,1
Duinkerken Pumpkin Spice Bread & Muffin Mix,1
Duinkerken Pie Crust Mix,1
Duck Jerky1kg,1
Dsseng Tofu Press Bricks Firm Tofu or Extra Firm Tofu Improve Flavor and Texture Tofu Drainer Mess-free Design DIY Tofu Maker,1
Dry mango slices,1
Dry Roasted and Salted500g,1
Dry Roasted Peanuts,1
Dry Roasted No Salt500g,1
Dry Roasted No Salt100g,1
Dry Roasted & Salted100g,1
Dry Mango Powder,1
Dry Breads,1
Drop The Berry Pomegranate48 Millilitre,1
Drip Coffee Maker One Cup American Coffee Maker with Cup for Household - Pink,1
Drinkable Yogurt 190ml,1
Dried14g,1
Dressing Greek Lightning SF,1
Dressing Creamy Caesar SF,1
Dressing & Spread340 Millilitre,1
Dressing,1
Dr. Oetker Pie Crust Mix,1
Dr. Laffa Bakery Challah Whole Wheat Frozen,1
Dr. Laffa Bakery Challah Water,1
Dr. Laffa Bakery Challah Sweet,1
Dr. Laffa Bakery Challah Bun 4pk,1
Dr. Laffa Bakery Baguette Sesame 4pk,1
Dr. Laffa Bakery Baguette Mini 10pk,1
Dr. Laffa Bakery Baguette Long,1
Dr Pepper Zero Sugar 2l,1
Dr Pepper Zero Sugar 12x355ml,1
Double Stuf Gluten Free353g,1
Double Double-mate Liquid Coffee Enhancer,1
Double Crisp & Chocolaty,1
Double Chocolate. 28 Pack728g,1
Double Chocolate. 28 Pack28 Each,1
Double Cheese213g,1
Doritos Sweet Chili Heat75g,1
Dora light apricot 500ml,1
Dora grape jelly 12-500ml,1
Dora Grape jelly 12-500ml,1
Donuts Bagels Cubes Red,1
Donut Shoppe Silicone Donut Shaped Cupcake Mold 2-Pack,1
Donut Shoppe Silicone Donut Shaped Cupcake Mold,1
Donut Shoppe 7-piece Shaped Real Cake Baking Set with Recipes for Kids,1
Donut Shoppe 2-piece Cone and Sundae Cookie Cutter Set,1
Donut Shop1 Each,1
Dole Pineapple Orange Juice,1
Dole Pineapple Mango Juice,1
Disposable Paper Filter For Reusable Capsule Protect Capsule Keep Block B1R3,1
Dispensador de masa de 900ml embudo de medici¨®n de pasta de harina para hornear Cupcakes y tortitas Muffins y pasteles,1
Dispensador de aceite de oliva de acero inoxidable botella vertedora de vinagre de aceite a prueba de fugas para accesorios de cocina,1
Disney girls minnie mouse winter beanie & glove set,1
Disney Classics Thumper US Exclusive Pop! Vinyl,1
Dinosaur Tea Maker Stock Dragon Tea Bag Tea Filter,1
Dino Sours100g,1
Dino Bone1 Each,1
Dinner sausages 375g,1
Dinner Rolls,1
Dining Table/home Decoration,1
Dill200g,1
Dill Pickle333g,1
Dill Pickle250g,1
Dill Pickle235g,1
Dill Pickle Peanuts Spicy,1
Dill Pickle Flavour Crackers145g,1
Dill Pickle - Family Size235g,1
Digestive310g,1
Diet1.89 Litre,1
Diet Pepsi Flavour for SodaStream,1
Diced Tomatoes,1
Diced - Mild118 Millilitre,1
Dianli up to 60% off Gifts Wood For And Grilling 8 Natural Flavors Of Walnut And Wood Chips Perfect For Bbq Meat Pork Chicken And Whis Back to savings,1
Dianli up to 60% off Gifts Popsicle Holders Bags Reusable Washable Ice Popsicle Holders 10pc Save 15% on pets,1
Dianli up to 60% off Gifts 100pc Halloween Cookies Nougat Snowflake Crisp Fruit Bag Ghost Party Gift Ziplock Bag Goodie Bag Savings,1
Dianli up to 60% off Fruit Tray Clear Snack Display Tray Candy Snack Tray Nut and Dried Fruit Storage Box Snack Tray for Kitchen and Party Food and Pantry Organization Deals Centre,1
Dianli Wal-mart Deals 10 Popsicle Diy Ice Cream Ice Cream Deals of the Day Clearance Prime,1
Dianli Up to 90% Off Printed Kitchen Oil Barrier High Temperature Aluminum Foil Oil Baffle Deals of the Day Clearance Prime,1
Dianli Todays Deals Clearance Sales DIY 4 Homemade Ice Cream Chocolate Candy With 20 Wooden Sticks Deals of the Day Clearance Prime,1
Dianli Popsicle Holders Bags Reusable Washable Ice Popsicle Holders 10pc Deals on sports & rec,1
Dianli Deals of the Day Clearance Prime Printed Kitchen Oil Barrier High Temperature Aluminum Foil Oil Baffle Todays Deals Clearance Sales,1
Dianli Deals of the Day Clearance Prime DIY 4 Homemade Ice Cream Chocolate Candy With 20 Wooden Sticks Todays Deals Clearance Sales,1
Dianli Clearance Wood For And Grilling 8 Natural Flavors Of Walnut And Wood Chips Perfect For Bbq Meat Pork Chicken And Whis Limited Time Offer,1
Dianli Clearance Popsicle Holders Bags Reusable Washable Ice Popsicle Holders 10pc Holiday Deals,1
Dianli Clearance Popsicle Holders Bags Reusable Washable Ice Popsicle Holders 10pc Free samples,1
Dianli Clearance Fruit Tray Clear Snack Display Tray Candy Snack Tray Nut And Dried Fruit Storage Box Snack Tray For Kitchen And Party Food And Pantry Organization Weekly Deals,1
Dianli Clearance Advent Calendar 2023 Christmas DIY Pendan Bracelet Countdown Calendar For Girls 24 Days Xmas Countdown Calendar DIY Jewelry Making Kit Gift 22 Pendan Beads Subscribe to Save,1
Dianli Back to School Home Made Ice Cream Set Box For Making Ice Cream Ice Cream Ice Cream Children's Ice Cream Stick Ice Cream Stick Shop Our Rollback Prices,1
Diana Sauce Marinade,1
Detoxification,1
Destyer Press Tortillas And Crepes Easily With Durable Doughs Pressing Tool Tortillas To Corn Tortillas balck 16cm,1
Destyer Coffee Filter Household Accessories Drink Strainer Professional Practical Kitchenware Metal Wood Filtering Bag 100mm 1Set,1
Destyer 10 Pieces Gold Insect Cake Decoration Shower Crafts Shape Decor Simulation Butterflies Decors Baking Party Sign Type 5 5Set,1
Dempster¡¯s? Texas Toast White Sandwich Bread,1
Dempster¡¯s? Texas Toast 100% Whole Wheat Sandwich Bread,1
Dempster¡¯s? Signature Parmesan Garlic & Herb Flavour Bagels,1
Dempster¡¯s? 100% Whole Grains Seed Lover¡¯s with Chia Bread,1
Dempster¡¯s? 100% Whole Grains Double Flax Bread,1
Dempster's? Signature Potato Burger Buns,1
Deluxe771g,1
Deluxe3 Each,1
Deliciously quick: authentic Thai Peanut Veg Curry in 90 seconds,1
Deliciously quick: authentic Japanese Veg Curry in 90 seconds,1
Deliciously fragrant and spicy,1
Delicious biscuits 150g,1
Delicious Sardines in Vegetable Oil - 12 x 120g | 4.2oz (12-Pack) - Tender and Flavorful Canned Fish - Preserved for Freshness - Product of Portugal,1
Delicious Golden Syrup 454g,1
Delicious & authentic Thai stir-fry in 20 minutes,1
Delicious & authentic Sri Lankan Curry in 20 Minutes,1
Delicious & authentic Pad Thai Noodles in 20 Minutes,1
Delicious & authentic Chow Mein in 20 Minutes,1
Delicious & authentic Asian stir-fry in 20 minutes,1
Deli Express Sliced Salami Value Size,1
Deli Express Sliced Pepperoni Value Size,1
Deli Express Honey Garlic Chicken Wings,1
Deli Express BBQ Chicken Drumsticks,1
Del Monte Gold Pineapple Chunks,1
Decodeary Salad Dressing Fresh And Ready Portable Salad Dressing Container No Leaks Pink 3Set,1
Decodeary Salad Dressing Fresh And Ready Portable Salad Dressing Container No Leaks Pink 1Set,1
Decodeary Salad Dressing Fresh And Ready Portable Salad Dressing Container No Leaks Light Blue 5Set,1
Decodeary 2piece Transform Livingroom Or Bedroom Into Retreat With Golden grey 5Set,1
Decodeary 2piece Transform Livingroom Or Bedroom Into Retreat With Golden green 3Set,1
Decodeary 2piece Transform Livingroom Or Bedroom Into Retreat With Golden green 1Set,1
Decodeary 100pcs Bag Teabags with String Empty Scented Pouch Filter Paper Herb Loose Leaf Fabric Pocket Disposable Multi-use As Shown 1Set,1
Deals on electronics,1
DeCecco Tagliatelle,1
DeCecco Sugo Alla Napolitana,1
DeCecco Sugo All'Arabbiata,1
DeCecco Spaghettini 454g,1
DeCecco Penne Rigate 454g,1
DeCecco Pappardelle,1
DeCecco Paccheri 500g,1
DeCecco Linguine 454g,1
DeCecco Lasagna 454g,1
DeCecco Fettucine,1
DeCecco Conchiglioni Rigati 500g,1
DeCecco Bombardoni Rigate 500g,1
De Cecco Spaghetti Pasta 454g,1
De Cecco Rigatoni Pasta 454g,1
De Cecco Fusilli Pasta 454g,1
De Cecco Farfalle 454g,1
Daybreak Farms Omega-3 Large Eggs,1
Daybreak Farms Free Run Large Eggs,1
Datu Puti Soy Sauce,1
Date & Nut620g,1
Dark375 Millilitre,1
Dark100g,1
Dark chocolate/steamed milk energy bites,1
Dark chocolate & raspberry chunk energy bites,1
Dark Roast908g,1
Dark Roast8 Each,1
Dark Roast641g,1
Dark Roast44 Each,1
Dark Roast12 Each,1
Dark Roast1 Each,1
Dark Mocha Almond,1
Dark Medium Roast30 Each,1
Dark KITKAT (41 g),1
Dark Chocolate287g,1
Dark Chocolate240g,1
Dark Chocolate100g,1
Dark Chocolate Truffle1.66 Litre,1
Dark Chocolate Nut6 Each,1
Dark Chocolate Nut210g,1
Dark Chocolate Mint Squares,1
Dark Chocolate Hazelnut90g,1
Dark Chocolate Hazelnut and Salted Caramel90g,1
Dark Chocolate Chips 50% Cacao225g,1
Dark Chocolate 45% Cocoa240g,1
Dark Cherry Vanilla1.66 Litre,1
Dark Caramel Chocolate,1
Dark Blue One Size,1
Dark 72% 100g,1
Dare,1
Dao Xiang Cun Walnut Cookies,1
Dao Xiang Cun Mixed Nut Su Style Crisps,1
Danino Banana lactose Free 6x93ml,1
Dalisa gluten free Mild italian sausage,1
Dalisa Hot Italian,1
Dalisa Ham & Maple Pork,1
Dalisa Combo saucisses 6 saveurs 900g,1
Daiya Fire Roast GF Veg Pizza,1
Dairyland 6% Light Cream,1
Dairyland 10% Half & Half Cereal Cream,1
Dairy Milk Wholenut,1
Dairy Milk Fruit And Nut,1
Dairy Milk,1
Dairy Isle Unsalted Butter 454g,1
Dairy Isle Salted Butter 454g,1
Dairy Free,1
Dainty Long & Wild rice blend,1
Dahi Kebab,1
DUINKERKEN PIZZA CRUST MIX,1
DROSTE ROLL SALT,1
DR PEPPER,1
DORA MORE STRAW,1
DONAREPA YELLOW CORN FLOUR,1
DOLITY Coffee Cup 200ml Ceramic Coffee Cup Coffee Roasters Espresso Shot Coffee Cup inner white,1
DOLITY Coffee Cone Polish Coffee Basket Stainless Steel Coffee Diameter 105mm,1
DOLE SOFT SERVE Watermelon Soft Serve Mix 4.5 lb/2.04 kgs,1
DIY Ice Cream Home Homemade Tool Ice Cream Food Grade Children's Making Popsicle Bar,1
DIY Fake Blood Easy To Apply Lifelike Appearance Food Coloring Water Party Fake Blood For Decoration,1
DIY Conjoined Ice Cream Silica Gel ice Cream,1
DIY 4 Homemade Ice Cream Chocolate Candy With 20 Wooden Sticks,1
DICES CHIPOTLE PEPPERS,1
DH Sorghum,1
DH Jasmine Rice,1
DH Bulgur Medium,1
DH Basmati Rice,1
DESI CHICK PEA FLOUR,1
DELCATO BF CROQUTS,1
DC Jal & Ched,1
DARRELL LEA Traditional Black Licorice,1
DARRELL LEA Strawberry Licorice,1
DAHI KEBAB 600G,1
D-NO SUGAR NO SUGAR KID BAR EBD,1
D'ARBO STRAW,1
D Ice Cream Cookie Cream,1
Cute Styling Clearance Summer Savings,1
Cute Feeding Bottle,1
Custard cream biscuits,1
Curry Leaves,1
Curry,1
Cured Trimmed Beef Plate 2kg,1
Cup Noodle Soup,1
Culinary Food Grade - 2 OZ,1
Cucumbers,1
Cubes Sizer Size Marker Tags Rose Red,1
Cubes Size Marker Tags Plastic Dark Blue,1
Cubes Red,1
Cubes Markers Hanger Sizer Size Orange,1
Cubes Markers Hanger Sizer Size Light Blue,1
Cubes Clip Buckle Cubes Dark Blue,1
Crushed Tomato,1
Crushed Ginger,1
Crush Giant Freeze Pops,1
Crunchy wafer with NUTELLA,1
Crumbled113g,1
Crown Supreme l - Oil Cottonseed KFP 2.83l,1
Crown Supreme Ketchup KFP (MT),1
Crown Supreme Ketchup KFP,1
Crown Rugalech Cinnamon,1
Crown Babka Poppy Seed in Bag 500g,1
Crown Babka Cinnamon & Raisin in Bag 500g,1
Crown Babka Chocolate in Bag 500g,1
Crown Babka Chocolate & Walnut in Bag 500g,1
Crown Babka Choc & Vanilla in Bag 500g,1
Crown Babka Choc & Halva in Bag 500g,1
Crown Babka Choc & Almonds in Bag 500g,1
Crispy cream crackers,1
Crispy and tasty.,1
Crispy Just Baked! Parmesan And Garlic Baguette Crisps,1
Crispy Breaded8 Each,1
Crispies & Namkeen,1
Crisp and light snack,1
Crisco Golden Shortening,1
Cricut Vinyl Permanent,1
Cricut Smart Vinyl,1
Cricut Smart Iron on,1
Cricut Joy Insert Cards Fingerpaint,1
Cricut Iron on,1
Cricut Iron On,1
Cricut Foil transfer,1
Crepe-like pancake made with semolina,1
Creme Caramel105g,1
Created using the finest handpicked Mangoes. Product of Canada.,1
Created using the finest Lychees.,1
Created using the finest Guavas .,1
Create-A-Treat Sweet Heart Chocolaty Cookie Kit,1
Create A Treat Oreo Decorate Your Own Holiday Cookie Kit,1
Create A Treat Oreo Build Your Own House Cookie Kit,1
Create A Treat Beehive Cookie Kit,1
Creamy1kg,1
Creamy Tomato515 Millilitre,1
Creamy Style Ghost Pepper Wing Sauce355 Millilitre,1
Creamy Laughing Cow and wholegrain breadsticks,1
Creamy Jalapeno Popper69g,1
Creamy Caesar135g,1
Cream of Wheat Stove Top 3min,1
Cream of Wheat Maple Brown Sg,1
Cream of Mushroom515 Millilitre,1
Cream Portion Funnel Handheld Butter Frosting Dispenser Cake Baking Tool Rwvbm,1
Cream Of Wheat Instant Cereals,1
Cream Horn Model Stainless Steel Roll Flared Danish Croissant Model,1
Cream Cheese,1
Crazy Boxers Fanta Orange Boxer Briefs in Soda Cup-XLarge (40-42),1
Crazy Boxers Fanta Orange Boxer Briefs in Soda Cup-Medium (32-34),1
Crawling Crab Baby Toys With Light Up And Music Crab Toys With Sensor Obstacle,1
Cranberry1.89 Litre,1
Cranberry Sourdough Walnut Loaf500g,1
Cranberry & White Chocolate350g,1
Cranberry & Seed150g,1
Cranberries & Almonds5 Each,1
Cran-Tropical Cocktail,1
Cran-Pineapple Cocktail1.89 Litre,1
Craft Bar Mix,1
Crackers Ensaymada Flavor,1
Cracker Barrel Pizza Mozzarella 400G,1
Cracker Barrel Old Cheddar Cheese Slices,1
Cracker Barrel Old Cheddar Cheese,1
Cracker Barrel Mozza Cheddar Light Shredded Cheese,1
Cracker Barrel Medium Ched Colored 400G,1
Cracker Barrel Marble Cheddar 400G,1
Cracker Barrel Cheese Old Cheddar,1
Cracker Barrel Cheese Medium Cheddar,1
Cracker Barrel Cheddar Cheese Mild,1
Cracked Pepper & Olive Oil200g,1
Cpck Holder,1
Cows Milk220g,1
Cowboy Baked Beans,1
Countryside Extra Large White Eggs,1
Country Farm Butter Loaf454g,1
Countdown Calendar With Dachshund Dogs Christmas Gift,1
Countdown Advent Calendar Christmas Gifts for Kids Halloween Decor,1
Cottage cheese creamed,1
Cottage cheese,1
Cottage Cheese 0.1%,1
Costwax Clearance Sales Today Deals Prime Ice Cream Food Grade Home Children's Homemade Ice Cream Refrigerator Popsicle Popsicle Ice Cream Popsicle,1
Costwax Clearance Sales Today Deals Prime Dispenser Snacks Of Dispenser Portable Snacks Sweets 9.5 Ounces For Dispenser Snacks Less Than 0.7 Inch,1
Corona Sunbrew 12x355ml Cans,1
Corn Snack36g,1
Corn Snack,1
Corn Nuts Original 48gr,1
Corn Flour,1
Cora plain crepe mx 700g,1
Copper Foil Paper,1
Cool Ranch235g,1
Cool Ranch145g,1
Cooks in 1 Minute,1
Cookies 250g,1
Cookies 'n' Creme212g,1
Cookies 'N' Creme with Graham Clusters90g,1
Cookies & Cream227g,1
Cookies & Cream,1
Cookie with Almond & Honey,1
Cookie Duet3 Each,1
Cookie & Cream 8 Inch800g,1
Cooked100g,1
Cooked Ham 340g,1
Convenient For Storing Conical Coffee Filter Paper,1
Contents : 20 g (.7 oz) x 10 pcs,1
Contains 50 pieces of your favourite TWIZZLERS candy and JOLLY RANCHERS gummies.,1
Contains 100% cacao,1
Conettos White Chocolate,1
Conettos Milk Chocolate,1
Conettos Dark Chocolate,1
Condiment Bottle Retractable Glass Condiment Kitchen Condiment Jar Sealed MSG Condiment Jar Household Jar Condiment Bottle Set,1
Concentrated drink,1
Complete905g,1
Commensal Vegetable Veloute Soup,1
Comes With A Funnel,1
Colours Cheddar180g,1
Colour Me,1
Colored Cheddar,1
Colombiana soda 8 x 2l,1
Colombian SupremoGrab N'Go900g,1
Colombian SupremoGrab N'Go850g,1
Colombian Brown Cane Sugar individually packed in 5g pouches. Each carton contains 100 x 5g,1
Colman's Horseradish Sauce 165g,1
Colman's Engish Mustard 100g,1
Collectibles Figures Gift for Kids,1
"Cold, 6pcs 400g",1
"Cold, 6pcs 36gx6",1
"Cold, 6pcs 400g",1
"Cold, 680g",1
"Cold, 6 pcs",1
"Cold, 5 pcs",1
"Cold, 3pcs",1
Cold Brew Coffee500 Millilitre,1
Cold 36gx6,1
Cola Plant Based Snack,1
Coins Chocolate Milk Singles,1
Coins Chocolate Milk 24pk,1
Coffee Stirring Tool Fine Polished Ergonomic Handle Multifunctional For Restaurant Straight Needle,1
Coffee Shot Mirror Easy Care Drop Resistant For Home Black,1
Coffee Press Replacement Filter Even Hole Size 2pcs For Restaurant 4 Servings,1
Coffee Press Filters Stainless Steel For Restaurant 4 Servings,1
Coffee Press Filters Professional For Coffee House 6 Servings,1
Coffee Pot Filter Disc Labor Saving For Coffee Making For 6 People,1
Coffee Pot Filter Aluminum With Sealing Ring For Coffee Making,1
Coffee Portafilter Coffee Filter Screen for Coffee Pot Accessories 53mm,1
Coffee Portafilter Coffee Filter Screen for Coffee Pot Accessories 51.5mm,1
Coffee One Size,1
Coffee Mug for Coffee Milk Other Electric for Travel White,1
Coffee Maker Capsule Pod Refillable Coffee Maker Filter Holes Square Holes,1
Coffee Machine Accessory Coffee Capsule Stainless Steel Repeating Use Coffee Filter Coffee Strainer Reusable Compatible With Dolce Gusto Coffee Machine,1
Coffee Gounds Box Stainless Steel Box Built-In Container For Coffee,1
Coffee Flavour450 Millilitre,1
Coffee Filter Stainless Steel Portafilter Mesh Screen 150¦Ìm Distribution Tool 150¦Ìm Multi-layer Pressurized Filtering Accessory for Household Hotel 54mm,1
Coffee Filter Screen Espresso Filtration Screen for Espresso Portafilter Filter 58mm,1
Coffee Filter Screen Espresso Filtration Screen for Espresso Portafilter Filter 53mm,1
Coffee Filter Screen Espresso Filtration Screen for Espresso Portafilter Filter 51.5mm,1
Coffee Filter Paper Coffee Machine accessoriesll,1
Coffee Filter Mesh Plate Coffee Filter Screen Professional Espresso Disc Screen 49mm,1
Coffee Filter Holder Pour Over Double Layer Steel Dripper Mesh Prof Lot F9 V4W1,1
Coffee Filter Cup with Disposable Filter Paper Coffee Maker Filter for,1
Coffee Filter Cup with Coffee Filter Paper Pour over Coffee Maker for Cafe Clear,1
Coffee Filter Cup with Coffee Filter Paper Pour over Coffee Maker for,1
Coffee Bean Spray Bottle Anti Fly Powder and Static Superfine Spray Coffee Grinder Accessories Coffee Beans Dosing Cup Trays,1
Coffee Bean Sifter Smelling Cup Coffee Grinding Filter Cup Stainless Steel,1
Coffee Bean Jar Coffee Beans Storage Containers for Countertop Retail Pantry 12 Hole 17g,1
Coffee 13w 200ml Adjustable Burr Coffee Portable Coffee Portable 13w 200ml Usb Coffee Bean With Brush Office Bean With Brush Dsfen Mizuh,1
Cod Loins KPY,1
Cod Fillets KPY,1
Coconut340g,1
Coconut250g,1
Coconut oil,1
Coconut Water - 500ml,1
Coconut Water & Coconut Meat296 Millilitre,1
Coconut Pie Filling & Dessert Mix,1
Coconut Oil 450 grams,1
Coconut Milk Ice Bars,1
Coconut Macapuno String 340G,1
Coconut Lemon120g,1
Coconut Gel in Syrup 340g,1
Coconut Frozen Dessert,1
Coconut Cocoa255g,1
Coconut Classic120g,1
Coconut 2% M.F750g,1
Coconut 123g,1
Cocktail Sauce,1
Club Orange,1
Clover Chips Cheese 145g,1
Clover Chips BBQ,1
Cloth For Car Scratches Advanced Car Scratch Remover Easily Repair Scratches Swirls Paint Residues Water Spots And Rwvbm,1
Clearance! Silica Gel Tea Bag Tea Filter Silica Gel Tea Filter Today Deals Todays Deals #62,1
Clearance! Silica Gel Tea Bag Tea Filter Silica Gel Tea Filter Cheap Items Sales & Deals #23,1
Clearance! Segmented Candy Box Household Nut Box Dried Fruit Box Living Room Snack Box Plastic Fruit Box Snack Box Lighting Deal Unclaimed Pallets #70,1
Clearance! Popsicle Holders Bags Reusable Washable Ice Popsicle Holders 10Pc,1
Clearance! KITTEHIGM Christmas Scented Candle Gift Box Christmas Tree Gingerbread Man Modeling Scented Candle Premium Companion Gift Online Shopping Return Pallets,1
Clearance! Household Round Fruit Snacks Sugar Biscuits Striped Fruit Melon Fruit Deals of The Week Deal ofthe Day #18,1
Clearance! Easter Lovely Rabbit Tea Bag Hanging Fixed Tea Bag Fixed Tea Bag Tea Cup Wall Decoration Rabbit Differentiator Daily Deals Clearance Lightning Deals Sales #05,1
Clearance! Coffee Cup Filter Screen Double-layer Portable Hand Brewed Coffee Folding Ear Filter Drip Coffee Coffee Cup Lightning Deals Today Tadays Deals #51,1
Clearance! Coffee Cup Filter Screen Double-layer Portable Hand Brewed Coffee Folding Ear Filter Drip Coffee Coffee Cup Deal of The Day Bulk Pallets For Sale #65,1
Clearance! Children's Donut Inflatable Stick Party Lollipop Decoration Props Cartoons Creatives Inflatable Stick Lighting Deals Return Pallet #09,1
Clearance! Carton Popsicle Ice Cream Six Popsicle Box Ice Wish List Todays Deals #44,1
Clearance! Candy Box Nut Snack Organizer Melon Dried Fruit Tray With Lid Compartment Double Storage Box Nut And Dried Fruit Organizer Snack Tray For Kitchen And Parties Online Shopping,1
Clearance! Candy Box Nut Snack Organizer Melon Dried Fruit Tray With Lid Compartment Double Storage Box Nut And Dried Fruit Organizer Snack Tray For Kitchen And Parties Clarence Items Today'S Deals,1
Clearance wycnly Four Compartments Seasoning Jar Compartment Multifunctional Seasoning Can of Spices Household Seasoning Combination Set Spice Can of Spices Christmas Gifts up to 90% off,1
Clearance wycnly Four Compartments Seasoning Jar Compartment Multifunctional Seasoning Can of Spices Household Seasoning Combination Set Spice Can of Spices Christmas Gifts Winter Savings,1
Clearance wycnly Four Compartments Seasoning Jar Compartment Multifunctional Seasoning Can of Spices Household Seasoning Combination Set Spice Can of Spices Christmas Gifts Clearance Sales,1
Clearance Sales Today Deals Prime DIY 4 Homemade Ice Cream Chocolate Candy With 20 Wooden Sticks,1
Clearance Sale Aikimuse-ks710 Perfect With Flawless Brightening Solution Highlight Baking Powder #04 Peach Pink,1
Clearance Gifts pimelu Coffee Beans Coffee Powder Dry Goods Sealed Container 304 Stainless Steel Sealed Storage Tank The Big Save Up to 40% off Flyer Deals,1
Clearance Gifts pimelu Coffee Beans Coffee Powder Dry Goods Sealed Container 304 Stainless Steel Sealed Storage Tank Big Savings The Big Save Up to 40% off,1
Classico Tomato & Pesto Spaghetti Pasta Sauce,1
Classico Tomato & Four Cheese 600ml,1
Classico Tomato & Basil 600ml,1
Classico Sweet Basil Marinara Spaghetti Pasta Sauce,1
Classico Roasted Portobello Mushrooms Spaghetti Pasta Sauce,1
Classico Roasted Garlic & Onion Spaghetti Pasta Sauce,1
Classico Marinara 600ml,1
Classico Di Molise Pasta Sauce,1
Classico Di Bologna Bolognese,1
Classico Bolognese Spaghetti Pasta Sauce,1
Classico Bolognese Sauce 600ml,1
Classico Alfredo & Roasted Garlic Spaghetti Pasta Sauce,1
Classic66g,1
Classic300g,1
Classic235g,1
Classic100g,1
Classic Snacker w/Pretzels,1
Classic Ranch355 Millilitre,1
"Classic Marinara Sauce 26oz.
and chicken dishes.
Smooth and flavorful authentic marinara sauce.
All Natural.
Gluten Free.
",1
,
Classic Hazelnut175g,1
Classic Guacamole Bowl 213g,1
Classic Greek Salad.,1
Classic Dipped198g,1
Classic Dark200g,1
Classic Chicken Noodle515 Millilitre,1
Classic Canadian410g,1
Classic - Value Size415g,1
Classic - Halloween Treat Bags Pack40 Each,1
Classic - Family Size235g,1
Clarified butter from Aseel,1
Clarified Butter. Source of Energy,1
Clarified Butter,1
Citrus Twist473 Millilitre,1
Cinnamon455g,1
Cinnamon Raisin400g,1
Cinnamon Dolce Latte828 Millilitre,1
Cinnamon & Raisin482g,1
Cider,1
Ciabatta Buns,1
ChupaChups SurpriseToy Minions,1
Chunky(R) Ready to Serve 515ml,1
Chunky Pepper Steak and Potato515 Millilitre,1
Chunky Creamy Thai Chicken and Rice515 Millilitre,1
Chunky Chicken a' La King515 Millilitre,1
Chunky Chicken Noodle515 Millilitre,1
Chunky Beef515 Millilitre,1
Chubby,1
Chroma,1
Christmas and Holiday Chocolates 59g,1
Christmas Vacation Figures and Accessories Christmas Countdown Calendar Gift,1
Christmas Vacation Figures Christmas Countdown Calendar Gift,1
Christmas Tree with 33pcs Detachable Xmas Ornaments Kit Window Door Wall Hanging Decorations Holiday New Year Party Gifts for Toddlers,1
Christmas Tree Decoration,1
Christmas Tree Advent Calendar 2023 Christmas DIY Pendan Bracelet Countdown Calendar For Girls 24 Days Xmas Countdown Calendar DIY Jewelry Making Kit Gift 22 Pendan Beads Christmas Decorations Indoor,1
Christmas Handle Christmas Refrigerator Cover Christmas Dishwasher Handle Cover Christmas Microwave Handle Cover Covers Refrigerator Doorred2 Pcs,1
Christmas Cupcake Cups 50Pcs Cake Packaging Food Grade Unique Snowmen Elk Tree Cupcake Cups,1
Christmas Countdown Calendar With Surprise Toys,1
Christmas Countdown Calendar Gifts for Kids,1
Christmas Countdown Advent Calendar Ornaments - 24Pcs Resin Xmas Miniatures-Advent Calendar National Lampoon 24 Gifts - National Lampoon Advent Calendar (24 Day),1
Christmas Chocolate Candy 34g,1
Christmas Advent Calendar 2024,1
Christmas,1
Chowpati Bhelpuri,1
Chosen Foods Avocado Oil Mayonnaise Squeeze,1
Chosen Foods Avocado Oil Mayonnaise,1
Chorizo Ground Sausage,1
Chole Masala,1
Chocxo Toffee Almond Sea Salt,1
Chocolatier Cherries,1
Chocolate620g,1
Chocolate48g,1
Chocolate4 Each,1
Chocolate340g,1
Chocolate300g,1
Chocolate12 Each,1
Chocolate milk 1l,1
Chocolate milk,1
Chocolate coulis Dora 12-250ml,1
Chocolate chip granola bars,1
Chocolate bar white chocolate,1
Chocolate Spread Pareve PY,1
Chocolate Spread Dairy PY,1
Chocolate Peanut Butter Ice Cream,1
Chocolate Milk 500ml,1
Chocolate Macaroon150g,1
Chocolate Hazelnut1.66 Litre,1
Chocolate Hazelnut Spread Duo,1
Chocolate Fudge5 Each,1
Chocolate Duet3 Each,1
Chocolate Cookies & Dble Choc Frosting168g,1
Chocolate Chip150g,1
Chocolate Chip Quinoa165g,1
Chocolate Chip Panettone (Cello),1
Chocolate Chip Flapjacks & Waffle Mix510g,1
Chocolate Cherry100g,1
Chocolate Caramel Squares,1
Chocolate Banana Granola Bars (120 g),1
Chocolate & Vanilla4 Litre,1
Choco-granola,1
Choco Biscuit & Peanut,1
Choco Biscuit & Mousse,1
Choco Biscuit & Milk,1
Choco Biscuit & Caramel,1
Choc Mix Instant PY,1
Choc Milk Coconut Bon Bons KFP,1
Choc Dark Raspberry Jell Bars KFP,1
Choc Dark Coconut Bon Bons KFP,1
Choc Crunch Nuggets,1
Choc Bar White KPY,1
Choc Bar Two Tone KPY,1
Choc Bar Milk w/ Whole Almonds KPY,1
Choc Bar Milk White KPY,1
Choc Bar Deluxe White w/ Hazelnut KPY,1
Chobani Vanilla Chai,1
Chnky Blue Cheese Dress/Dip,1
Chives & Garlic185g,1
Chipotle Mayonnaise,1
Chipotle Mango160g,1
Chipotle Lime Flavoured270g,1
Chilli Roasted Pistachios,1
Chilled1 Each,1
Chili-Lime Burn280g,1
Chili powder spice,1
Chili RoastedNo Shell155g,1
Chili Cheese245g,1
Chili Cheese1 Each,1
Chickpeas,1
Chickpea Fudge 400g,1
ChickenRice & Vegetable540 Millilitre,1
Chicken946 Millilitre,1
Chicken700 Millilitre,1
Chicken62g,1
Chicken28g,1
Chicken18 Each,1
Chicken fondue,1
Chicken flavor cubes 8/80g,1
Chicken Tenderz,1
Chicken Teddy Bites PY,1
Chicken Teddy Bites KFP,1
Chicken Strips700g,1
Chicken Seekh Kebab,1
Chicken Salad Kit 96g,1
Chicken Pot Pie,1
Chicken Parmesan,1
Chicken Nuggets Eat Well from Pinty's,1
Chicken Masala,1
Chicken Licious PY,1
Chicken Jerky1kg,1
Chicken Garlic Parm Veg 879GR,1
Chicken Flavour64g,1
Chicken Fettuccini Alfredo,1
Chicken Fettuccine Alfredo,1
Chicken Fajita,1
Chicken Dinosaur PY,1
Chicken Dinosaur KFP,1
Chicken Cutlets - Ham & Mozzarella568g,1
Chicken Cutlets - Broccoli & Cheddar568g,1
Chicken Breast Nuggets PY,1
Chicken Breast Nugget KFP,1
Chicken Breast Chunks 127g,1
Chicken Alfedo Bake,1
Chicken & Cheese Taquito,1
Chewy Strawberry Fruit Crumble5 Each,1
Chewy Strawberry Fruit Crumble120g,1
Chewy Confetti Cake Flavour408g,1
Chewy Chocolatey Fun Value Pack960g,1
Chewy Chocolatey Fun Value Pack40 Each,1
Chewy Caramel175g,1
Cherry15.6g,1
Cherry Blasters308g,1
Cherry Blasters154g,1
Cherry Berry37g,1
Cherry,1
Chef Tzali Gefilte Fish KFP 565g,1
Cheesy Jalapeo164g,1
CheeseMeat & Pickles1 Each,1
Cheese Sticks,1
Cheese Sourdough Bread,1
Cheese Roll,1
Cheese Flavour150g,1
Cheese & Garlic317g,1
Cheese & Garlic145g,1
Cheese,1
Cheers Coffee Capsule Refillable Crema Maker Tools Plastic Removable Espresso Machine Filter for Home for Bosch-s Tassimoo,1
Cheers 100Pcs Empty Disposable Drawstring Non-Woven Fabric Tea Herb Filter Bag Pouch,1
Cheeky Cheddar140g,1
Cheddar240g,1
Cheddar200g,1
Cheddar180g,1
Cheddar Snack Packs22 Each,1
Cheddar Multipack18g,1
Cheddar Marvel Avengers180g,1
Cheddar Jalapeno180g,1
Cheddar Jalapeno167g,1
Cheddar Flavoured180g,1
Cheddar Flavour145g,1
Cheddar Cheese Flavour203g,1
Cheddar & Sour Cream Flavour156g,1
Cheddar,1
Chami - 9 Teas of CHristmas,1
Challah Raisin Frozen,1
Challah Mini Frozen 6pk,1
Challa Plain Frozen,1
Chakri Sticks,1
Chaat Papdi,1
Chaat Masala,1
Certo Liquid,1
Certified Paleo 9 Ounce,1
Cereal 1.1kg,1
Cereal - 300g,1
Central Dairies Chocolate Partly Skimmed 2% Milk,1
Cello1 Each,1
Celery,1
Celebration Size800g,1
Cauliflower Plain pizza crust,1
Catelli Garden Select Tomato Sauce Garlic Onion 600ml,1
Catelli Garden Select Parmesan & Romano Pasta Sauce,1
Catelli Garden Select Country Mushroom Pasta Sauce,1
Cashews & Pecans,1
Cashew cookies,1
Cashew and Cheddar Snack Kit48g,1
Cashew Ice Bars,1
Case of 12,1
Carrots,1
Carr's Cheese Melts. Crispy crackers sprinkled with cheese.,1
Caramelized Onion & Fig Flatbread Pizza346g,1
Caramel fille dmilk chocolate pumpkins (individually wrapped). Peanut free and nut free.,1
Caramel coulis Dora 12-250ml,1
Caramel Truffle240g,1
Caramel Macchiato828 Millilitre,1
Caramel Fudge1.66 Litre,1
Car Door Push Bar Central Door () (1pcs),1
Capsules by Nespresso53g,1
Cappuccino Truffle240g,1
Canteen Jewel Shape Knock Box,1
Canola Oil Spray,1
Canola Oil,1
Canned guava flavoured drink,1
Cane Glitter Candies Pendant Pendant 4pcs,1
Candy Chocolate Jelly Polymer Paste Cake Decoration Deals on sports & rec,1
Candy Chocolate Jelly Polymer Paste Cake Decoration Deals of the Day Clearance Prime,1
Candy Cane w/ Lentils,1
Candy Box Nut Snack Organizer Melon Dried Fruit Tray with Lid Compartment Storage Box Nut and Dried Fruit Organizer Snack Tray for Kitchen and Parties,1
Candy Box Nut Snack Organizer Melon Dried Fruit Tray With Lid Compartment Double Storage Box Nut And Dried Fruit Organizer Snack Tray For Kitchen And Parties Rwvbm,1
Canadian Harvest Grain Fed Brown Eggs,1
Canada's first complete overnight oats meal kit!,1
Canada Eh!Grab N'Go900g,1
Canada Dry Gingerale 1l,1
Canada Dry Diet GingerAle 2l,1
Canada Dry Club Soda 2l,1
Can Alloy Coffee And Tea Outdoor - Bottle Coffee Jar Alloy Coffee Can Alloy Bottle Bean Tea-leaves Tanks Alloy Tea-leaves Bottle Jar Coffee Beans Tea-leaves And On,1
Campfire Baked Beans,1
Campagnolo Club white loaf,1
Campagnolo 100% Multigrain Sliced Bread Loaf,1
Californian Raw240g,1
California100g,1
California Style Vegetable,1
Cake Rusk,1
Cake Marble GF Rectangular KFP,1
Cake Honey 100g,1
Cake Decorating Baking S S,1
Cake Crumb Vanilla GF Rectangular KFP,1
Cake Chocolate Flavored GF Rectangular KFP,1
Cake Chocolate Chips GF Rectangular KFP,1
Cake Candy 1Pc Home Decor,1
Cake Baking Decoration Dolls.,1
Cajun100g,1
Caffeine-Free Herbal Tea Bags - 16 Count,1
Caffeine Free355 Millilitre,1
Caffeine Free18 Each,1
Cafe Latte500g,1
Caesar145g,1
Caesar135g,1
Caesar Salad Dressing,1
Cacao Pecans284g,1
CUMIN POWDER SPICE,1
CUMIN POWDER,1
CUCUMBER LIME,1
CUBES CHPD CILANTRO,1
CT Bakery Powdered Strawberry Flavoured Donuts,1
CRNBRRY WHL SAUCE,1
CRNBRRY JELLY SAUCE,1
CRISP Double Double Wafer Bar (50 g),1
CREME SANDWICH,1
CRACKERS PEPPER,1
CRACKED WHEAT,1
CORN,1
CORIANDER SEEDS,1
COOL RUNNINGS SWEETENER WHITENER,1
COOKIE ICING 2PK RED_WHITE 200g,1
CONCHITA GUAVA PASTE,1
COMBINATION OF VARIOUS SPICES,1
COFFEE CRISP POPS Chocolaty Snacks Carton 70g,1
COD LIVER,1
COCONUT MILK TOFFEE,1
CNKOO Seasoning Box 4 Grids Dustproof Easy to Refill Spice Dispenser Condiment Container for Sugar Restaurant Dining Room Home Clear,1
CNKOO Filter Mesh Coffee Basket Powder Strainer Long Handle Stainless Steel Rustproof Multipurpose Handily Gripped Filtering Net Type 1,1
CM Family Size Cheddar,1
CLUB HOUSE LG MRND TYAK,1
CLUB HOUSE LG MRND MTL STK SPC,1
CLIF Thins White Chocolate Macadamia Nut 7CT,1
CLIF Thins Chocolate Chip 7CT,1
CINNAMON BARK,1
CHZIT WHT CHDR CRCKR 200GMX12,1
CHZIT DBL TSTD CRCKR 200GMX12,1
CHUANK Seasoning Box 4 Grids Dustproof Easy to Refill Spice Dispenser Condiment Container for Sugar Restaurant Dining Room Home Clear,1
CHOlUlA SAlSA ORIGINAl,1
CHOSEN FOODS AVO OIL SPRAY 383G,1
CHORIZO SALAMI 60GR,1
CHOPPED HAM,1
CHOLULA SCE GREEN PEPPER HOT,1
CHOLULA SALSA VERDE,1
CHOLULA CHIPOTLE HOT SAUCE,1
CHOCOLATE FLAVOURED CHOCOLATE CHIP,1
CHOCOLATE CHIPS,1
CHOCOLATE CHIP COOKIES,1
CHINGS HOT GARLIC,1
CHILI POWDER,1
CHICKEN BACON RANCH,1
CHICKEN,1
CHICK'N TENDERS,1
CHES&FISHCK CORNDOGS,1
CHAKRA PHOOl,1
CH ORANGE PURE,1
CH MINT PEPPERMINT,1
CH MAPLE IMIT,1
CH LEMON PURE,1
CH FR VANILLA IMIT,1
CH ALMOND PURE,1
CELSIUS PEACH VIBE,1
CELSIUS ORANGE,1
CELSIUS KIWI GUAVA,1
CDM Hzlnut Mini 152g,1
CD Cranberry Ale Zero Sugar,1
CB Whtcorn Tortillas,1
CB Frsd Cinnaring,1
CB Frsd Cinnapstry,1
CB Frsd Cinna Swirls,1
CB Chipotle Salsa,1
CAVALIER TURKEY UT 5-7 FRZN,1
CASERTA STK PEPPERONI,1
CAROOTU Bone Track Foraging Tray PP Smooth Track Anti-choking Non-slip Hiddens Food Space Design Slow Food Dog Bowl Toy New,1
CAROOTU Bone Track Foraging Tray PP Smooth Track Anti-choking Non-slip Hiddens,1
CANNED BEANS - WHITE KIDNEY BEANS- 540ml,1
CANNED BEANS - RED KIDNEY BEANS - 540ml,1
CANNED BEANS - RED KIDNEY - NO SAlT ADDED - 540ml,1
CANNED BEANS - MIXED BEANS - 540ml,1
CANNED BEANS - CHICK PEAS - NO SAlT ADDED - 540ml,1
CANNED BEANS - CHICK PEAS - 540ml,1
CANNED BEANS - BlACK BEANS - NO SAlT ADDED - 540ml,1
CANNED BEANS - BlACK BEANS - 540ml,1
CANDY,1
CANDA SIX FORTUNE RICE DUMPG R BEAN,1
CAMPBELLS CHUNKY SPICY CHICKEN NOODLE,1
CAMIL SEASONED PINTO,1
CAKE CRUMB VANILLA,1
CADBURY CHRISTMAS MINI EGGS 400G 24,1
C2 Apple,1
C.T.F. Can Lychee in Syrup,1
C,1
B?ton Rouge bacon poutine 320g,1
By package,1
Butterscotch4 Each,1
Butterscotch Ripple1.66 Litre,1
Buttermilk Flapjack & Waffle Mix567g,1
Butter flavoured cookies,1
Butter cookies,1
Butter Flavour3 Each,1
Butcher's Selection lean ground beef,1
Butcher's Selection Fully Cooked Texas BBQ Pork Back Ribs,1
Bush's Original Bkd Bn 398ml,1
Bush Molasses with Pork,1
Burrito Size482g,1
Burnbrae Farms Shell Eggs - 12,1
Burnbrae Farms Extra Large Brown Eggs,1
Burnbrae Farms 2.5 Dozens Large White Eggs,1
Burger Sauce,1
Burger Patty,1
Bunched1 Each,1
BunchOrganic720g,1
BunchFresh1 Each,1
Bunch750g,1
Bulk20g,1
Bulk192.5g,1
Bulk1 Each,1
Bulacan Sundried Bihon 454g,1
Bulacan Misua,1
Bulacan Kropek,1
Bulacan Halo-Halo,1
Bulacan Fish Crackers,1
Bulacan Banana Chips,1
Buffalo419g,1
Buffalo Chicken Flings Eat Well from Pinty's,1
Buenas Jute Leaves,1
Buckle Cubes Yellow,1
Bubly Sparkling Water raspberry 12 x 355ml,1
Bubly Sparkling Water Watermelon 12x355ml,1
Brussels Sprouts,1
Brownie flavour,1
Brown Whole Organic,1
Brown Sugar Bourbon178g,1
Brown One Size,1
Brown,1
Bronze die-cut pasta made in Italy,1
Brondbend Flash Deals Cupcake Shaped Candy Box Multifunctional Fruit Shaped Candy Tray Food Storage Box Snack Candy Cookies Fruit Food Candy Christmas,1
Broccoli Fettuccine Alfredo,1
Broccoli & Spinach907g,1
Broccoli & Cheese6 Each,1
Broccoli & Cheddar Bake Bowl,1
Britannia Marie Gold Family Pack,1
Britannia Good Day Butter,1
Brioches Chocolate Filled 5pk,1
Brioche Christmas Tree with pastry cream and chocolate chips,1
Brioche Buns Mini Rolls,1
Breakstone Cottage Cheese 4% 4pk.,1
Breakstone Cottage Cheese 2% 4pk.,1
Breakfast in BedBulk1 Each,1
Breakfast Links,1
Breakfast Blend Tin900g,1
Breakfast Bar,1
Breaded Fish Sticks Minced,1
Bread-Banneton-Proofing-Rising-Basket Rattan Brotform Bread Dough Set for Home Sourdough Bread,1
Bread lame Slashing Tool Home Kitchen Bakery Bread Scraper Slicer Dough Scoring Tool Carbon Steel,1
Bread & Butter500 Millilitre,1
Bread & Butter1 Litre,1
Brazilian Style BBQ120g,1
Brazil Nuts,1
Brandt Kolbassa with Natural Ingredients,1
"Brand: Tim HortonsFeatures: 
907 g bag of Tim Hortons Original Whole Bean coffee
medium-bodied coffee with a smooth finish
For use in automatic filter coffee makers
Expertly roasted 100% premium Arabica beans
Whole bean
Releas",1
,
"Brand: Tim HortonsColor: OriginalFeatures: 
expertly roasted to deliver a perfectly balanced flavor with a smooth finish.
Compatible with Keurig: our capsules are made for use with Keurig single-serve coffee Brewer",1
,
"Brand: Tim HortonsColor: ColombianFeatures: 
expertly roasted to deliver a perfectly balanced flavor with a smooth finish.
Compatible with Keurig: our capsules are made for use with Keurig single-serve coffee",1
,
Bran900g,1
Braised Beef71g,1
Braised Beef Flavor Instant Noodle,1
Bragg? Organic Apple Cider Vinegar is the original wellness elixir.,1
Boy Bawang Cornick Garlic flavor 100g,1
Boxed Rice907g,1
Box of 30 K-Cup? pods,1
Box Sealed For Grain Rice Bread Storage Black 5kg,1
Box,1
Boursin Fig & Balsamic Cheese,1
Boursin Cuisine Shallot & Chive Cream Sauce,1
Boursin Cuisine Garlic & Fine Herbs Cream Sauce,1
"Boursin Bouquet of Basil & Chive fresh soft white cheese
150g",1
,
Bourekas Pizza KPY GF,1
Bourekas Cheese KPY GF,1
Bourekas,1
Bourbon Creams,1
Boulangerie Grissol Baguettes Sprouted Grain,1
Bottom 51mm Portafilter Spouted Stainless Steel Professional Coffee F,1
Bottled500 Millilitre,1
Bottle Coffee Can - Coffee Tea Can Portable Alloy Coffee - Coffee And Tea Outdoor - Outdoor Bottle Tea-leaves Bottle Tea-leaves Coffee Can Tea-leaves Bottle Alloy Jar Coffee,1
Bottle Coffee Alloy Coffee Layered Can Coffee And Tea Tea-leaves Coffee Tea-leaves Fresh Periods Coffee Can - Bottle - Tea-leaves Jar Coffee Can - Tea-leaves Bottle Coffee -,1
Botan Calrose Rice 4kg,1
Born 3 Omega-3 White Eggs,1
Born 3 Omega-3 Brown Eggs,1
Borlotti Beans in Tomato Sauce,1
BonelessFresh3kg,1
Boneless3kg,1
Boneless2kg,1
Boneless SkinlessWarehouse Pack1.25kg,1
Boneless Skinless525g,1
Boneless Skinless1 Each,1
Boneless Skinless Fresh1 Each,1
Boneless Skinless Family Pack.1 Each,1
Boneless Fast Fry450g,1
Bolthouse Farms 100% Pomegranate Juice 1.54l,1
Bolthouse Farms 100% Carrot Juice,1
Bold Sriracha170g,1
Bold Spicy Dill Pickle170g,1
Bold Salt 'n Vinegar170g,1
Bold BBQ235g,1
Bold & cheesy170g,1
Blueberry8 Each,1
Blueberry5 Each,1
Blueberry Pomegranate37g,1
Blueberry Morning Rounds,1
Blueberry Buttermilk900g,1
Blueberrry6 Each,1
Blue Raspberry150g,1
Blue Raspberry15.6g,1
Blue Raspberry Syrup,1
Blue Raspberry,1
Blue Diamond Almond Breeze Unsweetened Coconut,1
Blue Corn & Flaxseed300g,1
Blue,1
BlubryWhteMlkChoco,1
Blonde4 Each,1
Blonde Roast8 Each,1
Blonde Roast340g,1
Blonde Roast24 Each,1
Block600g,1
Blended Lowfat Yogurt Vanilla,1
Blended Lowfat Yogurt,1
Blended 2% M.F.,1
Blend of vegetables for Spaghetti - 675g,1
Blend of pistachios and real peanuts,1
Blanched100g,1
Blanched Roasted & Unsalted600g,1
Blanched Roasted & Salted600g,1
Blackberry Sparkle 355ml Cans12 Each,1
Black_58mm,1
Black_51mm,1
Black and Friday Deals Cyber and Monday Deals Vaidha Whisk Home Creamer Automatic Creamer Creamer Home Coffee Stirrer Frother,1
Black Truffle355 Millilitre,1
Black River - Black River Juice | Multiple Flavours,1
Black Red F,1
Black Cherry650g,1
Black Beans in Mild Chili Sauce398 Millilitre,1
Black Aolly Biscuit Miniature Decorative Gift with Cookies for 1/12 Scale Dollhouse,1
Black,1
Bl,1
Bkcups Mrbl,1
Bkcups Boy,1
Bittersweet225g,1
Bite-sized 5 Cheese quiches,1
Bite Size appetizers,1
Biscuits Choc Chip Butter,1
Birthday Cake226g,1
Birthday Cake100g,1
Birthday Cake Flapjack & Waffle Mix510g,1
Bikano All In One Mixture 150g,1
Bikano All In One Mixture,1
Big Country Garlic380g,1
Big Chewy Nerds Original,1
Best used for sandwiches.,1
Besan Flour,1
Berry6 Each,1
Berry Pomegranate,1
Berry Patch198g,1
Berry Mania14g,1
Berry Blas1 Each,1
Berry +Veggie10 Each,1
Berries150g,1
Ben's Original Street Food Jamaican Jerk Style Red Beans & Rice with Chicken,1
Ben's Original Street Food Gumbo with Chicken Sausage,1
Ben's Original Street Food Fried Rice with Vegetables,1
Ben's Original Street Food Bean and Rice Burrito Bowl 255g,1
Ben's Original Mushroom Risotto,1
Ben's Original Bistro Express Family Size Roasted Chicken Flavour,1
Ben's Original Bistro Express Family Size Jasmine Coconut Flavour,1
Ben & Jerry's Peanut Butter Half Baked Ice Cream,1
Belfish tuna is light meat infused in oil.,1
Beirabaga Fig Jam,1
Beets,1
Beer,1
Beef946 Millilitre,1
Beef700 Millilitre,1
Beef62g,1
Beef28g,1
Beef fondue,1
Beef and Cheese Flavour380g,1
Beef Ribs3 Each,1
Beef Patties - Spicy 9x130g,1
Beef Patties - Mild 9x130g,1
Beef Lung114g,1
Beef Knee Cap1 Each,1
Beef Kebab,1
Beef In A Mug225g,1
Beef Chew Sticks6 Each,1
Beef Burgers,1
Beef Bavette,1
Beef & Vegetable24 Each,1
Beef & Cheese4 Each,1
Beef & Broccoli,1
Bedtime Blend20 Each,1
Becel Margarine with Olive Oil,1
Becel Margarine with Avocado Oil,1
Becaristey Coffee Filter Workmanship Handheld Strainers Household Accessories Drink Strainer Professional Kitchenware Filtering Bag 100mm 1Set,1
Becaristey 12pcs Dessert And 12pcs Paper Packaging Cookies To 12x Color Piece NF-Y181,1
Becaristey 100pcs Teabags Empty Scented Heal Pouch Filter for Loose Fabric Pocket 2Set,1
Bear Crumbs Mix,1
Bea SrCrm 5%,1
Bea SrCrm 14%,1
Bea Milk Skim 1l,1
Bea Milk 1% 1l,1
Bea Cott Chse 2%,1
Bea Cott Chse 1% Lite,1
Bea Choc Milk 2l,1
Bea 2% Milk 1l,1
Bea 1% Milk Jug 2l,1
Bea 1% Milk 2l,1
Bdfzl Lollipop Silica Gel Can Be Reused The Silica Gel Is Matched With The Lollipop,1
Bdfzl Honey ABS Integrated Molding Creative Small Kitchenware Design Take Honey,1
Bdfzl Easter Lovely Rabbit Tea Bag Hanging Fixed Tea Bag Fixed Tea Bag Tea Cup Wall Decoration Rabbit Differentiator,1
Baxter Butter,1
Basil & Parsley Dressing & Marinade355 Millilitre,1
Basil,1
Basa Fillets,1
Barilla Wavy Lasagna 454g,1
Barilla Tagliatelle Pasta N¡ã16 450g,1
Barilla Spaghettini 410g,1
Barilla Spaghetti 410g,1
Barilla Semolina Pasta Pappardelle N. 166 450g,1
Barilla Rotini 410g,1
Barilla Penne Rigate 410g,1
Barilla Pastina Pasta 340g,1
Barilla Orzo 340g,1
Barilla Farfalle 410g,1
Barilla Cut Macaroni 410g,1
Bare Fuji & Reds Apple Chips,1
Barbie Triplet Sprinkles 180g,1
Barbeque200g,1
Barbecue Chicken203g,1
Barbara's Bakery Original Cheese Puffs. A mixture of real aged cheddar and blue cheese.,1
Bar-B-Q285g,1
Bar-B-Q - Family Size235g,1
Baohd Multifunctional Snack Box Container For Various Uses Snacks Can Be Stored Travel Snack Container rotatable,1
Baohd Household Edible Olive Oil Mist Spray Can For Cooking Enthusiasts Pneumatic Kitchen Plastic Spray Pink 180ml,1
Baohd Flower Pattern Rotating Candy Box Wedding Favor Box Divided Dried Fruit Plate Snacks Sunflower Seed Container,1
Baohd Filter Mesh Coffee Basket Powder Strainer Long Handle Stainless Steel Rustproof Multipurpose Handily Gripped Filtering Net Type 6,1
Baohd Birthday cake with card balloons,1
Baohd 100Pcs/Lot Teabags Lightweight Empty Square Cooking Spice Scented Tea Bags with Seal Filter Paper Natural Drawstring Herb Pouch 100pcs 8x10cm,1
Baohd 100Pcs/Lot Teabags Lightweight Empty Square Cooking Spice Scented Tea Bags with Seal Filter Paper Natural Drawstring Herb Pouch 100pcs 5x7cm,1
Baohd 100Pcs/Lot Teabags Lightweight Empty Square Cooking Spice Scented Tea Bags with Seal Filter Paper Natural Drawstring Herb Pouch 100pcs 5.5x7cm,1
Banana PB Mlk Choco,1
Banana Nut6 Each,1
Banana Flavour2 Each,1
Banana Chocolate Chunk 4 Pack400g,1
Banana Chips,1
Banana Bread Morning Oats,1
Balsamic Viniagrette237 Millilitre,1
Balsamic Vinaigrette,1
Balsam Pomegranate Molasses 300ml,1
Baladi Fresh Yogurt Balkin Style,1
Baladi Fresh Kefir Original,1
Baladi Fresh Kefir Alphonso Mango,1
Baking Spray,1
Bakery2 Wheat Baguette,1
Bakery2 French Baguette,1
Bakery2 Baguette,1
"Bakery de France 7"" x 3"" Multigrain Ciabatta Panini - 48/Case",1
Baked Veggie Snack,1
Baileys dark chocolate lava cake,1
Baileys Choc cake,1
Baguette Pan Bread Making Tools Bread Baking Tray for Dining Room Cafe Home 2 grids,1
Bagels and More Home Savings Summer Clearance Clearance Canada Day,1
Bagels and More Deals Summer Clearance Deals Clearance,1
Bagels and More Clearance Items,1
Bagels and More,1
Bag49g,1
Bag454g,1
Bag165g,1
Bag164g,1
Bag151g,1
Bacon & Caramelized Onion Flatbread373g,1
Back Attached 3lbs,1
Baby Shark Hooded Towel Wrap,1
Baby Blue,1
BUTTERBALL BB STUF TKY BRST RST,1
BUT CHICKEN KIBBEH,1
BULGOR WHEAT,1
BULGOGI SAUCE MILD&SWEET,1
BULGOGI SAUCE HOT&SPICY,1
BUBlY COCO PINEAPPlE 12x355ml,1
BRM ORG WG BUCKWHEAT GROATS,1
BRM ORG FARRO GRAINS,1
BRM FLAXSEED MEAL 453 GM,1
BRISK BRISK ZERO SUGAR,1
BRIANNAS REAL FRENCH DRESSING,1
BRIANNAS POPPY SEED DRESSING,1
BRIANNAS CREAMY BALSAMIC DRESS,1
BRIANNAS ASIAGO CAESAR DRESSING,1
BREAKFAST IN PARIS,1
BRARS DAHI 2% 1.8KG,1
BRAR'S MALAI PANEER BLACK PEPPER,1
BRAR'S DAHI3.2% 1.8,1
BR TIGER GLUC BISC,1
BOURBON CREAM BISCUIT,1
BOTAN BROWN RICE 15 pounds,1
BONNE MAMAN - LEMON CURD,1
BONELESS MIX PICKLE LARGE,1
BODYARMOR TROPICAL PUNCH,1
BODYARMOR STRAWBERRY GRAPE,1
BODYARMOR ORANGE MANGO,1
BODYARMOR FRUIT PUNCH,1
BODYARMOR DRAGONFRUIT BERRY LYTE,1
BODYARMOR BA STRAWBERRY BANANA,1
BODYARMOR BLUEBERRY POMEGRANATE LYTE,1
BLUERASPBCOTTONCAN,1
BLNDZ,1
BLINTZ BLUEBERRY,1
BLINTZ APPLE RAISIN,1
BLACK PEPPER SAUCE FOR BEEF,1
BLACK MUSTARD SEED,1
BLACK LENTILS,1
BLACK BOURBON CREAM SANDWICH,1
BLACK BEANS,1
BKJ FRZ MASALA DOSA,1
BISTRO BEN'S FS BASMATI,1
BIL.BEE HNY RST PNTS,1
BIKANO Bikaneri Bhujia,1
BIKAJI SOAN PAPDI,1
BIKAJI KURRAM KURRAM,1
BIKAJI FROZEN IDLI,1
BIK TAND GARLIC NAAN,1
BIG DADDY Oatmeal & Raisin Cookies,1
BIG DADDY Chocolate Cookies,1
BIG DADDY Oatmeal Cookies,1
BIG CHIEF Beef Jerky Teriyaki 80g,1
BIG CHIEF Beef Jerky Original 80g,1
BF MTBAll,1
BER CKN FLOR 4/624G,1
BEGUM BSMTRICE,1
BEAVER CREAMY SPREAD,1
BEA HOMO MIlK 2l,1
BEA 2% JUG 2l,1
BBQ40g,1
BBQ235g,1
BBQ sauce and corn,1
BBQ SPICES,1
BBQ Ranch377g,1
BBQ Flavour Corn Nuts,1
BBQ Chicken wings,1
BBQ,1
BASSILIS BEST MEAT LASAGNA WITH 3 CHEESES,1
BASSILI'S BEST SWEET & SOUR CHKN-250G,1
BASSILI'S BEST MEATY SPAGHETTI BOLOGNESE-300G,1
BASSILI'S BEST MEAT LASAGNA -286G,1
BASSILI'S BEST CARBONARA W/BACON-250G,1
BASSILI'S BEST - SAUSAGE AND BEEF RIGATONI-300G,1
BASA FILLET 10-14 VP,1
BALADI FRESH LABNEH,1
BALADI FRESH AYRAN-MINT,1
BAKLAVA TIN 500G,1
BAKED DONUT MIX,1
BAD MONKEY ORIGINAl,1
BAD MONKEY HEATNEAT LA CAGE BUFFALO,1
BAD MONKEY BIG CHEESE,1
B M,1
Aylmer Chick Broth 284ml,1
Authentic Indian Noodles,1
Authentic Basmati Rice,1
"Aurora - Palm Pals - 5"" Cordial Cherry",1
Auger No Fat No Sugar Added White Loaf Bread,1
Atypique Gin & Tonic 4 pack of 355ml,1
Ataulfo Mango,1
Assorted90 Each,1
Assorted8 Each,1
Assorted6 Each,1
Assorted45 Each,1
Assorted340g,1
Assorted25 Each,1
Assorted12 Each,1
Assorted100 Each,1
Assorted value pack 30 pcs,1
Assorted Scary Friends Shape Chocolates40 Each,1
Assorted Fruit + Veggie10 Each,1
Assorted Flavours,1
Assorted Flavour Candy Rolls65 Each,1
Assorted Eyeball Box,1
Assorted Chocolates50 Each,1
Assorted Chocolates282g,1
Asian Style Noodles 300g,1
Asian Pear Salad Dressing,1
Asian Chopped Kit,1
Ashoka Chutney Mint in Glass Jar 700Gx6,1
Ashoka Chutney Date and Tamarind in Glass Jar 900Gx6,1
Ashoka Chutney Coriander in Glass Jar 700Gx6,1
Artisan Style420g,1
Artichoke Bottoms KPY,1
Arriba Nacho Cheese45g,1
Around 7 scallops per tray,1
Around 5 per tray,1
Armstrong Light Medium Cheddar Cheese,1
Armstrong Garlic & Herb Cheddar Cheese,1
Arizona Green Tea,1
Ariel Puff Pastry Sheets PY GF 450g,1
Arcobealeno454g,1
Approximately 5 slices,1
Approximately 2kg,1
ApproximateLy 5 tomatoes per cLuster,1
Approx. 14 To 17g Weight,1
Appple Cinnamon Morning Rounds,1
Applewood Smoked Flavour85g,1
AppleApple StrawberryApple Peach & Apple Banana20 Each,1
Apple4 Each,1
Apple355 Millilitre,1
Apple345g,1
Apple Strawberry4 Each,1
Apple Peach4 Each,1
Apple Mango4 Each,1
Apple Mango14g,1
Apple Mango Mangosteen37g,1
Apple Malt Beverage,1
Apple Fieldberry Unsweetened6 Each,1
Apple Crisp10 Each,1
Apple CinnamonFamily Size778g,1
Apple Cinnamon8 Each,1
Apple Cinnamon5 Each,1
Apple Cinnamon255g,1
Apple Cinnamon,1
Apple & Cinnamon5 Each,1
Apple & Cinnamon175g,1
Apple & Cinnamon Morning Oats,1
Apple & Apple Strawberry12 Each,1
Antique Metal Bag Frame Bead Heads For DIY Purse Making 24.5,1
Anti Uv Nail Gloves Uv Gel Shield Glove Fingerless Manicure Nail Art Tools Led Lamp Nails Dryer Radiation Hand,1
Anti Skid Coffee Distributor Coffee Leveler 3 Angled Slopes Adjustable Palm 58mm Black,1
Anniversary House Polka Dot Gingham Muffin and Cupcake Cases (Pack of 75),1
And Authentic Mexican Meals!,1
Amy's Kitchen Veggie loaf Whole Meal,1
Amy's Kitchen Spinach & Ricotta Cheese Ravioli Bowl,1
Amritsari Chole,1
Amoroso's 22 oz. Sliced Semolina Pane Italiano - 12/Case,1
AmlESO Coffee Cup 200ml Ceramic Coffee Cup Coffee Roasters Espresso Shot Coffee Cup inner white,1
AmlESO Coffee Cone Polish Coffee Basket Stainless Steel Coffee Diameter 105mm,1
AmlESO 2-3 of pack Candy Cane Kids Belly Dance Stick Hanging Decor 3 Pcs,1
AmlESO 10ml DIY Colorants Pigments 10ml yellow 10ml lemon yellow,1
AmlESO 10ml DIY Colorants Pigments 10ml brown,1
AmlESO 10ml DIY Colorants Pigments 10ml black,1
AmlESO 10ml DIY Colorants Pigments 10ml 10ml rose red,1
AmlESO 100 Pcs Round Coffee Papere Professional Replacement Coffee Strainer Cone 58mm,1
American cheese,1
Amdohai Compatible with multi-fun coffee machine reuse grease type stainless steel Do-fun Kusi coffee capsule shell coffee utensils powder hammer 20ml,1
Amdohai Compatible with multi-fun coffee machine reuse grease stainless steel Do-fun Kusi coffee capsule shell coffee appliance coffee powder barrel 20ml,1
Amdohai Compatible with Dojo Coffee Machine Reuse Grease Stainless Steel Dojo Kesi Coffee Capsule Shell Coffee Appliance 1 Capsule + 1 Powder Hammer + Spoon Brush 20ml,1
Amdohai Compatible with Dojo Coffee Machine Reuse Grease Stainless Steel Dojo Kesi,1
Amdohai Compatible with Dojo Coffee Machine Reusable Grease Stainless Steel Dojo Kesi Coffee Capsule Shell Coffee Appliance 1 Capsule + Double Brush + Spoon Brush 20ml,1
Aluminum Coffee Press Filter Easy to Clean Perfect Match for Coffee Making Pot,1
Aluminum & Gluten Free210g,1
Aluminium Moka Funnel Filter Replacement for Espresso Coffee 1 2 3 6 9 12 Cups,1
Alphonso Mango Kulfi,1
Aloo Kulcha,1
Almonds & Cashews275g,1
Almonds & Cashews,1
Almond6 Each,1
Almond340g,1
Almond210g,1
Almond cookies,1
Almond and Cheddar45g,1
Almond Unsweetened Vanilla Plant-Based Beverage,1
Almond Unsweetened Original Plant-Based Beverage,1
Almond Honey Shortbread Cookies,1
Almond Flour GF Vegan,1
Almond Flour Brownies GF Vegan,1
Almond Flour Blondie GF Vegan,1
Almond Duet3 Each,1
Almond Breeze Vanilla,1
Almond Breeze Unsweetened Vanilla,1
Almond Breeze Unsweetened Original,1
Almond Breeze Original,1
Almond & Rosemary150g,1
Almond & Oat Pumpkin Spice Latte828 Millilitre,1
Almond & Oat Caramel Macchiato828 Millilitre,1
Almond & Oat - Hazelnut Latte828 Millilitre,1
Almond & Honey 368g,1
Alloy Coffee And Layered Tea-leaves Bottle Coffee And Tea Can Portable Alloy Can - Coffee Can Alloy Bottle Coffee Tea And Tea-leaves Fresh Periods Jar Coffee Outdoor,1
All natural,1
All Purpose172g,1
All Dressed235g,1
All Dressed200g,1
All Dressed156g,1
All Dressed100g,1
All Dressed Flavour Crackers Family Size240g,1
All Dressed Flavour Cracker145g,1
All Dressed 800g,1
All Dressed - Family Size235g,1
All Dressed & Bacon 850g,1
Alfredo & Penne,1
Alcan Heavy Duty Foil 60 Ft.,1
Alcan Heavy Duty Foil 60 Ft,1
AlTRA PAR VANIllA CARAMEl,1
Al Safa Halal Uncooked Beef Burgers,1
Air Dried Noodle Soup,1
Agiferg Easter Lovely Rabbit Tea Bag Hanging Fixed Tea Bag Fixed Tea Bag Tea Cup Wall Decoration Rabbit Differentiator,1
Aged250 Millilitre,1
After Dinner Mint1.65 Litre,1
After Dark DecafBulk1 Each,1
Aerosol225g,1
Advent Calendar Christmas Hanging Pendant Gnome Non-woven Fabric DIY Wall Calendary Kids DIY Wall Calendary Faceless Man Xmas Tree Decoration Gift Red,1
Advent Calendar Christmas Hanging Pendant Gnome Non-woven Fabric DIY Down Ornaments Wall Calendary Faceless Man Xmas Tree Decoration Gift Gray,1
Advent Calendar Bags Advent Calendar Candy Gift Drawstring Bag 24 Days Advent Calendar Bags for Wall Fireplace Door Red and Green Small,1
Advent Calendar Bags Advent Calendar Candy Gift Drawstring Bag 24 Days Advent Calendar Bags for Wall Fireplace Door Red and Green Large,1
Advent Calendar Bags Advent Calendar Candy Gift Drawstring Bag 24 Days Advent Calendar Bags for Wall Fireplace Door Light Gray Large,1
Advent Calendar Bags Advent Calendar Candy Gift Drawstring Bag 24 Days Advent Calendar Bags for Wall Fireplace Door Colorful Large,1
Adjustable height max 2 in,1
Adjustable and Spice Coarse Mill Grinding Kitchen Short,1
Activia M12 Peach Blueberry Vanilla Str-Kiwi,1
Acrylic #4 Medium Yarn,1
Abe's Sorbetto Premium Berry Vanilla (344) KPY 1.5lt,1
Abe's D Ice Cream Cookie Cream 1.65l,1
Abbracc Reusable Metal Cone Paperless Strainer Funnel Golden,1
Abbracc Reusable Handmade Cloth Coffee with Wooden Handle Hand Drip Coffee 100mm,1
Abbracc Mini Espresso Making Machine Manual Coffee Maker Travel Gadgets Black,1
Abbracc Coffee Cup 200ml Ceramic Coffee Cup Coffee Roasters Espresso Shot Coffee Cup inner white,1
Abbracc Coffee Cone Polish Coffee Basket Stainless Steel Coffee Diameter 120mm,1
Abbracc Coffee Cone Polish Coffee Basket Stainless Steel Coffee Diameter 105mm,1
Abbracc 50Pcs Coffee Filter Paper Basket Filters Paper for Coffee Machine S S,1
Abbracc 2-3 of pack Candy Cane Kids Belly Dance Stick Hanging Decor 3 Pcs,1
Abbracc 10ml DIY Colorants Pigments 10ml yellow 10ml lemon yellow,1
Abbracc 10ml DIY Colorants Pigments 10ml pink,1
Abbracc 10ml DIY Colorants Pigments 10ml brown,1
Abbracc 10ml DIY Colorants Pigments 10ml black,1
Abbracc 10ml DIY Colorants Pigments 10ml 10ml rose red,1
AUTHENTIC TASTE OF FRESH GINGER,1
AUTHENTIC TASTE OF FRESH GARLIC,1
AURORA Peeled Ready to Eat Roasted Chestnuts,1
ASHOKA MANCHURIAN BALLS INDO-CHINESE HAKKA,1
ASHOKA FROZEN BHATURA,1
ASHOKA FROZEN ASLI PARATHA15PC FAMILY PACK,1
ASHOKA COCONUT SHRED,1
ASHOKA CHILI PANEER,1
ASHOKA ALOO PARTHA12,1
ASEEL TAHINA,1
APF Thixotropic Fluoride Gel Strawberry 17oz. Bottle - MARK3,1
APF Thixotropic Fluoride Gel Mint 17oz. Bottle - MARK3,1
APF Thixotropic Fluoride Gel Grape 17oz. Bottle - MARK3,1
APF Thixotropic Fluoride Gel Cherry 17oz. Bottle - MARK3,1
ANS PERFORMANCE Keto Pancake Mix (Blueberry - 283 gr),1
ANG 8/255G SEA SALT,1
AMYS ORGANIC COUNTRY CHEDDAR BOWl,1
AMIR-SPICY SAUCE,1
AMIR - SHISH TAOUK SEASONING - 160G,1
AMIR - POTATO SEASONING - 120G,1
AMIR - KAFTA SEASONING - 100G,1
AMIR - GARlIC SAUCE - 350ml,1
AMIR - FALAFEL MIX - 300G,1
AMERTEER Coffee Gounds Box Stainless Steel Box Built-In Container For Coffee,1
AMERTEER 4pcs/set Seasoning Box Jam Extruded Bottles Set Barbecue Tuning Bottle Home Sauce Bottle Kitchen Transparent Flavor Extrusion Bottles,1
ALTRA PANCAKES ZUCCHINI,1
ALTRA PANCAKES VEGETABLE,1
ALTRA MALAWACH,1
ALTRA FRENCH FRIES CRISPY,1
ALTRA CUBES SAUTEED ONION,1
ALTRA CUBES CHPD PARSLEY,1
ALPINE CHOCOLATE,1
ALMOND BARISTA BLEND,1
ALLSORTS,1
ALL USE,1
AIHOME Soup Toys Creative Bird of Action Novelty Drinking Birds Drinking Water Birds,1
AG Ric Cauli 12/500g,1
ADl Whp Crm Crtn 1l,1
ADl Skim Milk Poly Bag 3l,1
ADl Skim Milk Carton 2l,1
ADl Skim Milk Carton 1l,1
ADl Homogenized Milk Carton 1l,1
ADl 2% Milk Poly Bag 3l,1
ADl 2% Milk Plastic 473ml,1
ADl 2% Milk Carton 2l,1
ADl 2% Milk Carton 1l,1
ADl 2% Choc Milk Carton 1l,1
ADl 18% Cream 473ml,1
ADl 1% Milk Poly Bag 3l,1
ADl 1% Milk Carton 2l,1
ADl 1% Milk Carton 1l,1
ADL Homogenized Milk 2L Carton,1
ACV,1
ABPWLY Single Hole Sauces Extrusion Bottle Cream Sauces Extrusion Bottle Tomato Salad Sauces Extrusion Sauces Bottle Winter Saving Clearance Winter Savings Christmas Gifts Up to 40% off,1
ABPWLY Single Hole Sauces Extrusion Bottle Cream Sauces Extrusion Bottle Tomato Salad Sauces Extrusion Sauces Bottle Winter Saving Clearance Up to 40% off Christmas Gifts Weekly flyer,1
ABPWLY Rice Bucket Box Household Sealed Large Capacity Insect Proof Dampness-proof Flour Miscellaneous Grains Press Storage Tank One Click Grain Release With Rice Cup Hottest Deals Up to 40% off Chris,1
ABPWLY Rice Bucket Box Household Sealed Large Capacity Insect Proof Dampness-proof Flour Miscellaneous Grains Press Storage Tank One Click Grain Release With Rice Cup Hottest Deals Deals Christmas Gif,1
ABPWLY Ice Cream With Lid Popsicle Summer Ice Cream Clearance Big Savings Winter Savings Deals Fall Savings Black&Friday Deals,1
ABPWLY Christmas Advent Calendar Santa Claus Advent Calendar With 24 Days Pocket Christmas Countdown Hanging Ornaments For Home Office Door Wall Decoration Saving Clearance Canada Day Christmas Gifts,1
ABPWLY Accurate Quantitative Seasoning Bottle 0.5g Per Press Household Kitchen Glass Seasoning Tank Proof Sealed Seasoning Bottle Tank Clearance Deals The Big Save Christmas Gifts,1
ABPWLY 4 Popsicle Diy Ice Cream Ice Cream Clearance Hottest Deals Winter Savings Deals up to 70% off Clearance,1
ABPWLY 10 Popsicle Diy Ice Cream Ice Cream Clearance Clearance Winter Savings Deals Cyber&Monday Deals Clearance,1
AB Original CRL 525GX10,1
AAOMASSR Boba Cup With Straw Smoothie Drinks Gradient Multicolor 23.5oz Double Layer With Cleaning Brush,1
A94 Made in USA,1
A84 Made in USA,1
A58 Made in USA,1
A477 Made in USA,1
A451 Made in USA,1
A45 Made in USA,1
A439 Made in USA,1
A435 Made in USA,1
A426 Made in USA,1
A415 Made in USA,1
A401 Made in USA,1
A400 Made in USA,1
A4 Made in USA,1
A39 Made in USA,1
A35 Made in USA,1
A327 Made in USA,1
A300 Made in USA,1
A287 Made in USA,1
A26 Made in USA,1
A252 Made in USA,1
A251 Made in USA,1
A247 Made in USA,1
A241 Made in USA,1
A237 Made in USA,1
A216 Made in USA,1
A2 Made in USA,1
A197 Made in USA,1
A190 Made in USA,1
A187 Made in USA,1
A176 Made in USA,1
A170 Made in USA,1
A167 Made in USA,1
A137 Made in USA,1
A12 Made in USA,1
A-Sha TN Sesame 5 x 95g,1
A-Sha Mandarin Original 5 x 95g,1
A-Sha H Chili (Mala) 5 x 95g,1
A+ SuperFruit - A+ SuperFruit Drinks | Multiple Flavours,1
A&W Root Beer 2l,1
A&B Famous Breaded Fish Sticks Minced 397g,1
A tray contains on average 800g,1
A tray contains on average 700g,1
A tray contains on average 650g,1
A tray contains on average 500g,1
A tray contains on average 2000g,1
A tray contains on average 1100g,1
A traditional tasty snack,1
A tradition since 1929,1
A tasty superfood charge!,1
A mix of Splenda Sweetener (sucralose) and sugar.,1
A great value for a quality lighter,1
A blend of peach & nectarine stone fruits with notes from the skin all the way to the red center,1
A bag contains on average 900g,1
A Taste Assortment,1
A Deliciously Spicy On-The-Go Treat,1
A,1
:12 Scale Mini Dollhouse Dessert Cookies,1
:12 Dollhouse Dessert Cookies,1
:12 Dessert,1
9x88.0ml,1
9x30.0g,1
9pcs 260g,1
9in1kg,1
9ea,1
99g package,1
99g Carton,1
993g,1
98gx5,1
98gx4,1
988g,1
986ml,1
97gx4,1
978g,1
974g,1
97 g (30 tea bags),1
96gx4,1
96GM,1
96G LOL SURPRISE CHOC HEART TIN,1
968g,1
966g,1
965g,1
964ml,1
963ml,1
962g,1
960g / 8x120g / 8 count,1
960 Milligram,1
96 g.,1
96 GM,1
95gx5,1
95g x 16,1
95G,1
955g,1
95 Each,1
94GM,1
946ml Black Tea Concentrate,1
946g,1
945 Millilitre,1
94% Fat Free Butter Flavour3 Each,1
93mlx8,1
93ml x 8,1
93ml,1
93gx4,1
930 g Tin,1
926g,1
92.4g,1
90gx6,1
90gx5bags,1
90g x 4,1
908gr,1
908 g,1
907ml,1
907G,1
907 gm,1
902g,1
900g-2kg,1
900g Basmati rice,1
900 grams,1
900 Gram Tin of Coffee,1
90 mini bars,1
90 g.,1
90 GR,1
90 Count,1
"9.8"" x 15.7""",1
9.35g,1
9.1kg,1
9% M.F.500g,1
"9"" x 1""",1
9 x 10g,1
9 un - 245g,1
9 grams,1
9 Patties - 130g each,1
9 Pack315g,1
9 Pack,1
8x93ml Yogurt Drink,1
8x68ml,1
8x57.0g,1
8x48g,1
8x440.0ml,1
8x44.0ml,1
8x40ml,1
8x40g,1
8x40.0g,1
8x26g,1
8x210g,1
8x19.0g,1
8x18.5g,1
8x16.7g,1
8x15g,1
8x15.0g,1
8x14g,1
8x140ml,1
8oz (226g),1
8lbs,1
8in625g,1
8gx3,1
8gx12,1
8ct X 28g pack,1
8W Wall Lamp Square Warm White Light Light Indoor Lamp Light Wall Sconce Black Shell AC85-265V IP65 Waterproof Rating for Home Restaurant Store,1
8CT X 28g Pack,1
892g,1
890ml Mayonnaise,1
890ml Coffee Creamer,1
88ml,1
888g,1
885g,1
884g,1
88,1
87gx5,1
874g,1
864 g Canister,1
862g,1
861g,1
85gx2,1
85g x 6,1
85G X 6 Pack,1
85G,1
855g,1
853g,1
851g,1
850gm,1
850 Millilitre,1
85.8g,1
85.4g,1
85 g King,1
848g,1
841g,1
840g / 6x140g / 6 count,1
840 g total,1
837g,1
836g,1
82gx5,1
828ml Olive Garden Italian Dressing,1
827g,1
825G,1
820ml,1
82 g Tray,1
819g,1
817g,1
812g,1
810ml,1
81.2g,1
80x2g,1
80x20ml,1
80ml x 8,1
80gx8,1
80gx6,1
80gx5,1
80g x 5,1
80g 80g,1
800g FC Watson Ridge Popcorn Chicken,1
800g FC Watson Ridge Chicken Strips,1
800g FC Watson Ridge Chicken Nugget,1
800g FC Watson Ridge Chicken Burger,1
800g FC Watson Ridge Chicken Balls,1
800g (4 X 200g),1
8000ml,1
800 GR,1
80 x 3.125g,1
80 filters,1
80 Millilitre,1
8.5oz,1
8-Piece Tool set,1
8-Pack,1
8-10 Drumsticks,1
"8"" x 8"" x 3.5"" (12.5"")",1
8 x 93ml Yogurt Drink,1
8 x 77g,1
8 x 66g,1
8 x 50g,1
8 x 500g,1
8 x 46g,1
8 x 44.375ml,1
8 x 38g,1
8 x 31g,1
8 x 29.75g,1
8 x 28g,1
8 x 25ml,1
8 x 22g,1
8 x 190ml,1
8 x 18g,1
8 x 140ml,1
8 x 14 G,1
8 x 12.5g,1
8 x 113.375g,1
8 un - 600g,1
8 un - 528g,1
8 un - 520g,1
8 un - 500g,1
8 un - 480g,1
8 un - 400g,1
8 thighs per tray,1
8 sticks (12 x 180g),1
8 slices per tray,1
8 pk - 296g,1
8 pieces,1
"8 pack
56?/100ml",1
,
8 osso bucco per tray,1
8 meatballs per tray,1
8 lb,1
8 kg (17.6 lb),1
8 in - 850g,1
8 in - 1.25kg,1
8 in - 1.15kg,1
8 cups x 190ml,1
8 cubes per tray,1
8 brownies x 19g,1
8 brochettes per tray,1
8 X 200ml,1
8 Spring Rolls,1
8 Portions 144g,1
8 Pancakes (312 g),1
8 Pack Individually Wrapped School Safe Banana Bread Chocolate Chip Muffin Bars,1
8 Pack Individually Wrapped Birthday Cake Bars,1
"8 Pack
56?/100ml",1
,
8 Pack,1
8 PK Individually Wrapped Blueberry Muffin Bars,1
8 Individually Wrapped Chocolate Brownie Bars,1
8 Hours Yellow 50x,1
8 Full size Samosas - 400g box,1
8 Count8 Each,1
7x9cm,1
7x49g,1
7x25g,1
7up Flavour for SodaStream,1
7lbs,1
7l464DgyqM5FYzYmB4Q8AdJCs08VygMNCd8tS0DfGhOgsBEd1FFOwErLwG36,1
796ml Chili Diced Tomatoes,1
795ml,1
792 g (36 pieces),1
79 GM,1
783g,1
77GM,1
779g,1
769ml,1
760ml,1
75gx4,1
75gx12,1
75g x 6,1
75g x 4,1
75G X 6 Pack,1
75G UNICORN MIX,1
75G UNFER THE SEA MIX,1
75G DINO MIX,1
75G CHOC JIMBITS,1
751ml,1
750ml SM Natural Maple Taste,1
750ml Bottle,1
750g plain yogurt,1
750G/ 15 Count,1
750G /15 Count,1
750 Each,1
75-count,1
75 gram,1
75 GR,1
749g,1
748g,1
747g,1
743 Millilitre,1
742g,1
741g,1
740 Millilitre,1
74 g - 8un,1
74 g (4 x 18.5 g),1
73ml,1
735ml,1
730 G,1
73 GR,1
73 Each,1
72ml x 3,1
72g x 4,1
725g x 2,1
725g Jar725g,1
725g Jar,1
724ml,1
720 Millilitre,1
720 G,1
72 tea bags Green Tea,1
719g,1
718ml,1
718g,1
716g,1
715 GR,1
710ml Dressing & Spread,1
710ml Can,1
70ml x 8,1
70ml x 4,1
70ml,1
70GM,1
708x708.0g,1
705g,1
703g,1
700g(24.70z)[140g(4.94oz)x5],1
700 g x 2,1
700 g total,1
70% vegan dark chocolate bar,1
70 g / pack,1
70 GM,1
70 Count,1
7.5ml,1
7.2 fl oz-1 Count,1
7.1 g (0.25 oz),1
7.00 - 9.00kg,1
7 x 90ml,1
7 x 14.5g,1
7 pouches / 210g,1
7 pouces pour th¨¦ dessert assaisonnement or Offres pour moins de 5 $cette semaine ?conomisez jusqu'¨¤ 90%,1
7 pouces pour th¨¦ dessert assaisonnement or Livraison gratuite jusqu'¨¤ 5 $cette semaine Livraison gratuite,1
7 lb,1
7 in - 650g,1
7 FLAVOR PANIPURI,1
7 Each,1
7 Chakra Healing Crystals Stones Beads Wire Wrapped Selenite Stick Wan,1
6x9g,1
6x946ml,1
6x88ml,1
6x88.0ml,1
6x86.0g,1
6x84.0g,1
6x83.0g,1
6x76g,1
6x75g,1
6x62g,1
6x60ml Dairy-Free Frozen Creams Pop Strawberry and Orange,1
6x5g,1
6x58ml Dairy-Free Frozen Fudge Pop,1
6x588.0g,1
6x57ml,1
6x43.0g,1
6x42g,1
6x400.0g,1
6x38g,1
6x375.0g,1
6x36g,1
6x355ml - cans,1
6x341ml - bottles,1
6x330ml - cans,1
6x330ml - bottles,1
6x330ml - cans,1
6x330ml - bottles,1
6x300ml,1
6x2un,1
6x28g,1
6x27.0g,1
6x24g,1
6x222ml - cans,1
6x21g,1
6x1?l,1
6x18g,1
6x180ml,1
6x18.0g,1
6x17.0g,1
6x140.0g,1
6x115g,1
6x112.0g,1
6x110g,1
6x108.0g,1
6x100ml,1
6x100.0g,1
6x1.5l,1
6x1.0g,1
6x Camping Spice Jars Clear for Sauce Seasoning Salts with Bag Spice Bottles Black,1
6pk - 250g,1
"6pcs,400g",1
"6pcs, Cold",1
"6pcs, 380g",1
6pcs Hair Brush Eco-friendly Natural Bamboo Narrow-tooth Comb Pointed Tail Detangling Brush Set For Home,1
6pcs 35gx6,1
6oz,1
6in1 Each,1
6in,1
6icn520g,1
6ct/85g,1
6ct,1
6X710ml,1
6X22ml,1
6CT WCHS JFLS BB,1
698g,1
697g (216 tea bags),1
696 g total,1
692g,1
691g,1
68mlx7,1
68g x 6,1
688g,1
683g,1
682.5g,1
680 g (24 oz),1
67ml,1
679 g | 4 x 168.75g,1
678ml,1
678 g | 4 x 168.75g,1
677g,1
676.8g,1
676 g | 4 x 168.75g,1
675 g | 4 x 168.75g,1
675 g Format,1
674g,1
66pcs,1
66G,1
665ml,1
662ml,1
660 Millilitre,1
65gx5bags,1
65gx5,1
658g,1
656g,1
654g,1
651ml,1
650ml For Pour Coffee Make Coffee Home Coffee Shop Black,1
650g probiotic yogurt,1
650G,1
65.5g,1
648 g total,1
642g,1
640g Dairy Free Plant Based Yogurt,1
640 g total,1
640 Millilitre,1
64 oz,1
63ml x 5,1
636ml Spray,1
634g,1
632g,1
63 g Bouillon Cubes,1
63 GR,1
62ml x 5,1
62ml,1
628 Millilitre,1
626g,1
624?g,1
624G,1
622g,1
621g,1
620 Millilitre,1
61g Sachet,1
617g,1
61.6g,1
60pcs Colorful Fake Candy Sweets Sugar Resin Slime Accessories for Fake Cake Dessert Slime Kit DIY,1
60mlx5,1
60ml x 5,1
60G,1
609g,1
606g,1
606 g total,1
605ml,1
603g,1
600g+30ml,1
600g / 6x100g / 6 count,1
6000ml,1
600 - 700g,1
60% dark chocolate&cherry bar with real cherry,1
60% dark chocolate baton with real raspberry,1
60% dark chocolate & Himalayan salt baton,1
60% WW bread,1
60 x 150ml,1
60 pills. 29 grams,1
60 g ( 12 x 5 g),1
60 Tea bags,1
60 Grams,1
6/2 KG,1
6.82kg,1
6.6oz per bag,1
6.5kg,1
6.3g,1
6.3 oz,1
6.25 oz (177 g),1
6-oz each,1
6-99g Cups (594g),1
6 x Rolls + 1 x caramel sauce,1
6 x 99g (594 g),1
6 x 85g,1
6 x 80g,1
6 x 76g,1
6 x 72g,1
6 x 70g,1
6 x 66ml,1
6 x 5g,1
6 x 56g,1
6 x 54.333g,1
6 x 500g,1
6 x 48.5g,1
6 x 43g,1
6 x 30g,1
6 x 26GM,1
6 x 22 g bars,1
6 x 1L Bottles,1
6 x 140ml,1
6 x 105g,1
6 x 100ml,1
6 x 1.5l,1
6 un - 390g,1
6 un - 380g,1
6 un - 360g,1
6 un - 342g,1
6 un - 330g,1
6 un - 325g,1
6 un - 312g,1
6 un - 285g,1
6 un - 270g,1
6 un - 258g,1
6 un - 248g,1
6 tournedos per tray,1
6 to 8 per tray,1
6 tablets,1
6 sausages,1
6 pieces,1
6 patties per tray,1
6 pastry shells,1
6 pastries,1
6 oz),1
6 oz Candle - Black Raspberry Vanilla (SS24),1
6 mushrooms per tray,1
6 medium eggs (264g),1
6 legs per tray,1
6 in - 800g,1
6 in - 750g,1
6 in - 550g,1
6 dessert cups,1
6 bars,1
6 X 93ml,1
6 Vegetable Spring Rolls with sauce,1
6 Servings,1
6 Rolls X 32g,1
6 Pcs 50ml 47mm X 50mm Small Glass Bottles With Cork Stoppers Little Storage Jars For Spices Wedding Favours,1
6 Pcs 10 Ml Soap Coloring Colors DIY Coloring Food Cosmetic Baking Dyeing Supply 24pcs,1
6 Packs,1
6 Pack6 Each,1
6 Hook Coffee Cup Dryer Kitchen Coffee Mug Tree Countertop Tea Cups Holder,1
6 English muffins,1
6 Cups x 113g,1
6 Bags6 Each,1
6 * 26g,1
6 un - 252g,1
5xe21.5g(107.5g),1
5x90.0g,1
5x80g,1
5x60g,1
5x34g,1
5x22g,1
5x140ml,1
5x1.0ea,1
5oz,1
5lb Bag5 Pound,1
5lb,1
5gx6,1
5gx2,1
5gx18,1
5gx12 packs,1
5PCS Double Ring Presser Foot Stainless Steel Presser Foot Ring Sewing Presser Foot for Industrial Universal Sewing Machine,1
5HR Watermelon ES 6PK,1
5HR Hawaiian Breeze ES 6PK,1
599g,1
595G,1
592 Millilitre,1
591ml Bottle1 Each,1
590?g,1
590ml,1
59.5 g Tray,1
59 Millilitre,1
58mm Coffee Filter Replacement Durable Reusable for Espresso Machines Coffee Machine Single Cup,1
58mm Bottomless H,1
58gx6,1
58g OH HENRY! with REESE peanut butter.,1
58MM 1Set,1
589g,1
585mlx4,1
584g,1
583g,1
582 g total,1
580g (4pc),1
58.5mm Coffee Filter Mesh Plate For Kitchen 150¦Ìm,1
57g PJ Masks Jumbo Cane,1
57G PJ MASKS HEART BOX,1
576ml,1
56ml x 5,1
56ea,1
568ml,1
568 g - pack of 8,1
565ml,1
564 g total,1
563g,1
562ml,1
561g,1
560?g,1
560gr,1
560G,1
560 Millilitre,1
560 Gr,1
56.7 g Tray,1
56.6g,1
56 Each,1
55ml x 6,1
55ml 4 pack Ice Cream Bar,1
55gx4,1
55g Powder to Gum - Sour,1
555g,1
555 Sardines in Tomato Sauce,1
555 Sardines in Tomato Chili Sauce,1
552 g total,1
551ml,1
550kg,1
550 Millilitre,1
55 count bag,1
55 Pieces per Gum Bag,1
55 Each,1
546g,1
544 grams,1
543g,1
542g,1
541ml,1
540ml Whole Potatoes,1
540 Milligram,1
54.6g,1
53pcs,1
53MM 3Set,1
530ml 100% Pure Copper Mug Moscow Mule Mug Drum Cup Cocktail Cup Pure Copper Mug Restaurant Bar Col,1
530g+30ml,1
53 GR,1
52pcs,1
529g,1
527g,1
525ml,1
522g,1
51mm NonPressurized Espresso Filter Basket Replacement for Improved Coffee J2C5,1
517g,1
517 Millilitre,1
510gx2+510ml,1
510G,1
510 g total,1
510 Millilitre,1
50pcs,1
50mlx30,1
50mlx20,1
50gx6 pcs,1
50gx2,1
50gx12,1
50gm,1
50g x 2,1
50Pcs Dessert Cups with Spoons 60ml Plastic Parfait Appetizer Cup for Dessert Pudding Mousse Chocolate Custard Tasting Party Home Hotel Banquet,1
50Pcs Coffee Filters Basket Filters Paper Kitchen Accessories for Coffee Maker Espresso Maker Dripper S,1
50Pcs Coffee Filter Paper Basket Filters Filters Paper kitchen Paper for Coffee Machine S,1
50GM,1
50G,1
506g,1
504 g (18 bags x 28 g),1
504 GM,1
503g,1
502g,1
500mlx24,1
500ml Dairy Free Frozen Dessert,1
500G,1
5000g,1
500 grams,1
500 g | 4 x 125g,1
500 g Jar500g,1
500 g / carton,1
500 g ( minimum 10 battered fillets),1
500 Grams,1
500 G,1
50 pieces,1
"50 pc (6"")",1
50 grams,1
50 g (Pack of 12),1
50 Pieces Coffee Filters with Lid for 1.0 & 2.0 Coffee Maker Parts Accessory Style A,1
50 Pieces Coffee Filter Paper Bag Hanging Ear Tea Filter Bag for Home Hiking for GED0067,1
50 Pieces Coffee Filter Paper Bag Hanging Ear Tea Filter Bag for Home Hiking for GED00377,1
50 Grams,1
50 Count Disposable Bags,1
50 Calories Milk Chocolate Mousse38g,1
5/8EA,1
5/8 EA,1
5.9 kg (serves 70-90),1
5.5x7cm,1
5.5lbs,1
5.4l,1
5.0 Kg,1
"5-Item Combo, 600g",1
5-6un,1
5-6 Breasts,1
5% protein,1
5 x 90g,1
5 x 9.6g,1
5 x 80g.,1
5 x 77g,1
5 x 60g (300g),1
5 x 40g - 200g,1
5 x 34g,1
5 x 33g,1
5 x 22g,1
5 x 200g,1
5 x 175g,1
5 x 140g,1
5 x 120g,1
5 unids/lote,1
5 un - 425g,1
5 to 6 units per package,1
5 steaks per tray,1
5 short ribs per tray,1
5 sheets 5.5¡± x 12¡±,1
5 pieces x 80 gm.,1
5 pcs / 426g,1
5 pack,1
5 lbs,1
5 fish per tray,1
5 breadsticks,1
5 breads,1
5 bars / 175g,1
5 assorted flavours,1
5 Stems,1
5 Pouches,1
5 Pieces / Set Cake Food Bakery Decorating Material Hotel Yellow,1
5 Pieces / Set Cake Food Bakery Decorating Material Hotel,1
5 Nut Bars,1
5 Kg,1
5 Drumsticks,1
5 Breasts,1
5 - 12 oz (35g) bars,1
4?l,1
4x95g Vanilla Yogurt,1
4x93.0g,1
4x7g,1
4x66g,1
4x60.0g,1
4x57g,1
4x500ml - cans,1
4x49g,1
4x46g,1
4x42g,1
4x341.0ml,1
4x325ml,1
4x300ml,1
4x250.0ea,1
4x222.0ml,1
4x20g,1
"4x200ml
With natural gingers.",1
,
"4x200ml
With natural gingers",1
,
4x200.0g,1
4x178g,1
4x170g,1
4x150.0g,1
4x140g,1
4x12un,1
4x120.0ml,1
4x115g,1
4x110g,1
4x110.0g,1
4x103g,1
4x Spice Bottle Seasoning Organizer Seasoning Bottle Set for Restauraned Color,1
4pcs x 10packs,1
4pcs Stainless Steel Grill Heat Tents Replacement Part For Charbroil Bbq Tool A,1
4pcs Stainless Steel Aquarium Fish Tank Glass Cover Clip Support Holder 10mm,1
4pcs Sports Glasses Rope Fixed Anti-slip Chain Anti-lost Belt Swimming Goggle Adjustable Lanyard Movement Glasses Accessories (brown,1
4pc / 400gm,1
4lb Box,1
4X250ml,1
4PK HOT FOR YOU SAUCE,1
4L whole milk,1
4L partly skimmed,1
4L Skim Milk,1
4D Gummy Eyeballs - 40ct,1
49?g,1
499g,1
494ml,1
492 g total,1
48?g,1
48oz (3lb) 1.36kg,1
48ml?,1
48ml x 8,1
48g x 18,1
485 Millilitre,1
483 Millilitre,1
480ml/6 x 80ml bars,1
480ml (6 x 80ml bars),1
"480ml
6 x 80ml",1
,
480ea,1
480GM,1
4801ml,1
480 gr,1
480 g (1.05 lb),1
48 waffles,1
48 tea bags,1
48 count boxes,1
478 Millilitre,1
475 g total,1
475 GR,1
474ml,1
474g,1
473ml made with Nordic milk,1
473ml Frozen Dessert,1
473ml 4 pack,1
473ml - can,1
473 mm,1
471ml,1
471g,1
467g,1
463g,1
461g,1
46.5g,1
46.4g,1
46 Millilitre,1
45mlx10,1
45ml x 7,1
45ml x 6,1
45gx4,1
45gx12,1
455ml Bottle455 Millilitre,1
455GM,1
455 GM,1
454gm,1
454g | Multiple Options,1
454g microwavable,1
454g - Microwavable,1
454G,1
454 g / 1 lb bag,1
454 g - 4un,1
454 Grams,1
453gr,1
453.6g,1
450ml Coffee Creamer,1
450G,1
450 g - pack of 12,1
450 g (8 wieners),1
45 pieces,1
45 Grams,1
45 Count585g,1
45 Count,1
44gx10,1
447g,1
446 g (10 S¡¯mores),1
443.6ml,1
443 Millilitre,1
442.5g,1
44.2g,1
44 per pack,1
44 Slices,1
43g LOL Tree Box,1
436ml,1
432ml.,1
432ml,1
430gx1,1
430g+14ml,1
430g Pouch,1
430 g per unit,1
430 GM,1
43 Grams,1
42?g,1
42un,1
42ea,1
429g,1
428GM,1
425 g total,1
423ml,1
420 g total,1
42.8gx3,1
42 grams,1
42 Each,1
41MM Diameter Espresso Coffee Tamper Stainless Steel Coffee Powder Hammer Filling Tool Coffee Capsule Pressing Grind for Dolce Gusto Pods,1
416ml.,1
415 GM,1
412 Millilitre,1
40x150.0ml,1
40pcs Ball Bearings 4x8x3mm 8x12x3.5mm For Himoto E18 1/18 Rc Car Spare Parts A949 A959 A969 A979 A,1
40mlx3,1
40lbs,1
40lb,1
40gx6,1
40gx4,1
40gx3,1
40g | Multiple Flavours,1
40g x 3,1
40g x 20,1
40ct,1
4034cm,1
400grams,1
400gm,1
400g chocolate bar,1
400g Mini Choco buns,1
400g (66.7g x 6),1
400ea,1
400 grams,1
400 g e 14.11oz,1
400 g (0.88 lb),1
400 - 500g,1
40-Count Paper Coffee Filters Accessories Disposable V02 strainer bag 1-4Cup for Coffee Maker,1
40% Less Fat than Original180g,1
40% Cashews300g,1
40 x 440g,1
40 x 38.5g,1
40 x 37g,1
40 x 31g,1
40 teabags,1
40 mini bars,1
40 g x 20 Bags,1
40 ct,1
40 Millilitre,1
4.99kg,1
4.989kg,1
4.8l,1
4.8kg,1
4.5oz,1
4.5lbs,1
4.57g,1
4.54 kg/ 10 lb bag,1
4.54 kg (10 lb),1
4.54 Kg,1
4.53kg,1
4.534kg,1
4.50 lb,1
4.5 oz,1
4-pk340 g340g,1
4-5kg,1
4-5 oz,1
4-124g (4.4oz),1
4 x 93g,1
4 x 93.75g,1
4 x 88ml,1
4 x 85g,1
4 x 84.5g,1
4 x 7g,1
4 x 60ml bottles,1
4 x 50 G,1
4 x 49g,1
4 x 49 G,1
4 x 480g,1
4 x 46g,1
4 x 44g,1
4 x 42.5g,1
4 x 41 G,1
4 x 40g,1
4 x 35g,1
4 x 240ml,1
4 x 22.5ml,1
4 x 200g,1
4 x 164g,1
4 x 15ml,1
4 x 15.25g,1
4 x 14.5g,1
4 x 130g,1
4 x 110ml,1
4 x 103g,1
4 x 102g,1
4 x 100ml,1
4 wieners,1
4 un - 650g,1
4 un - 500g,1
4 un - 475g,1
4 un - 340g,1
4 un - 280g,1
4 un - 240g,1
4 un - 204g,1
4 thighs per tray,1
4 skewers,1
"4 sheets 12"" x 12""",1
4 pk - 200g,1
4 pinwheels per tray,1
4 pcs / 400gm,1
4 pcs / 340 gm,1
4 lbs,1
4 kabobs per tray,1
"4 for
EA",1
,
4 cups,1
4 ct,1
4 count Ice?Cream?Bar,1
4 coaster blanks,1
4 cell Frozen Magic Jar130g,1
4 buns,1
4 brochettes per tray,1
4 alouettes per tray,1
4 Thighs,1
4 Styles Practical Coffee Capsule Dispensing Tower Stand For 40/60 Nespresso Capsules Storage Pod Holder Coffee Tamper Capsulas,1
4 Pcs Aluminum Heatsink Shim Spreader Cooler Cooling For Ddr Ram Memory Desktop Memory Radiator Ddr,1
4 Packs,1
4 Pack1 Each,1
4 Pack of Baked Beans,1
4 Pack Chocolate Bar,1
4 Or 2 Compartments Seasoning Jar Compartment Multifunctional Seasoning Can Of Spices Household Seasoning Combination Set Spice Can Of Spices Get A Spoon.,1
4 Cups x 113g,1
4 Count,1
4 Cheese685g,1
4 Cheese660g,1
4 Cheese410g,1
4 Cheese340g,1
4 Cheese228g,1
4 Cheese Rav & Chckn Marinara,1
4 Cell Jar 80g Celebration Mix,1
4 * 58g,1
4 * 52g,1
4 * 46g,1
4 * 39g,1
3x92?g,1
3x90g,1
3x70g,1
3x50ml,1
3x4.25g,1
3x375ml,1
3x284.0g,1
3x28.0g,1
3x20g,1
3x200.0g,1
3x15.3g,1
3x14un,1
3x140ml Beavertail Sandwich vanilla,1
3x140ml BeaverTail Sandwich Strawberry Cheesecake,1
3x120ml Laura Secord cone cream sugar,1
3x120ml Laura Secord cone chocolate fudge,1
3x120ml,1
3x12.5g,1
3x100ml Dairy Free Frozen Dessert,1
3x New Lavender Matte Powder Oil Control Face Pressed Powder Long Lasting Compact Powder With Mini Puff Nude Makeup Setting Powder,1
3pcs 30ml Rosemary Hair Oil Nourishment Scalp Stimulates Hair Growth Hair Care Oil Tw,1
3pcs / 300 gm,1
3pcs,1
3lb3 Pound,1
3lb,1
3gx24,1
398mlx12,1
398ml - Reheat and Serve,1
397ml,1
396ml,1
396G,1
396.8g,1
394g,1
394 Millilitre,1
39.6g,1
38pcs,1
38ml,1
38gx13pcs,1
384.75g,1
383?g,1
383 g total,1
383 g - pack of 25,1
381g,1
380g 13.4oz,1
380 grams,1
380 g - pack of 5,1
380 g - pack of 4,1
380 GR,1
38.8g,1
38% milk chocolate & sea salt bar,1
37pcs Pretend Birthday Cake with Preschool Kids Decorating Cake Pink,1
37ml,1
375gx12,1
375 grams,1
375 Grams,1
375 - 475g,1
370 g (0.8 lb),1
37.4g,1
36ml Red Food Clr,1
36gx8,1
36gx15,1
36gx10,1
36gx1,1
36G EMOJI POP UPS,1
369G,1
369 g total,1
369 Millilitre,1
368GR,1
364 GR,1
360g (6pc),1
360g 20 Sachets,1
360ea,1
36 pouches,1
36 Piece36 Each,1
35gx13pcs,1
35gx12pcs,1
35g.,1
355ml12 Ounce,1
355ml Cans20 Each,1
355ml Cans12 Each,1
355ml Can1 Each,1
355ml Can/ 4 Pack,1
355ml - bottle,1
355 g total,1
355 Milligram,1
352 g/8 Cookies,1
352 g - pack of 4,1
350grams,1
350gm,1
350g Micro Croissants,1
350g / 5 pcs,1
350G,1
350 grams,1
350 g.,1
350 g (0.77 lb),1
350 G,1
34pcs,1
346ml,1
345mlx6,1
344.5g,1
343ml,1
342,1
341mlx12,1
340ml Vegan Dressing,1
340gx6,1
340gx3,1
340g. HALAL certified.,1
340g / 12 pieces,1
340 g total,1
340 g (12 Sticks),1
340 Grams,1
33gx15,1
33gx10,1
338 g Soup,1
336g (10-12 EGGBites),1
336g (10-12 EGG Bites!),1
332 g total,1
332 Millilitre,1
330mlx8,1
330 G,1
330 - 420g,1
32un,1
"32pcs, 249.6g",1
32pcs,1
32gx12,1
328G,1
327g,1
326.67g,1
325g / Boxed Cookies,1
325 g total,1
323 g/8 Cookies,1
320gx6,1
320g Chocolate buns,1
320G (8 Packets),1
320 g.,1
320 g - pack of 16,1
320 GM,1
32.4g,1
32 g x 20 bags,1
32 X 19g,1
32 GM,1
32 Each,1
32 Cups,1
"31pcs, 269.2g",1
31g (16 bags),1
31G,1
319ml,1
318 g total,1
3175g,1
314 g total,1
312g Packet,1
311 GR,1
310mlx24,1
310 g (2 x 155 g),1
31.4g,1
30x454.0g,1
30x10ml,1
30gx9pcs,1
30gx9,1
30gx8,1
30gx24pcs,1
30gx24pc,1
30gx16,1
30gx15,1
30gx14packs,1
30gx13pcs,1
30gx12pcs,1
30Pc,1
307g,1
305 GM,1
304 stainless steel sauce boat sauce chopsticks Western steak sauce pot sauce cup sauce jar with lid liquid seasoning bottle,1
304 GM,1
302g,1
300?g,1
300ml Glass Bottle,1
300ml Barre de cr¨¨me glac¨¦e,1
300g | Multiple Flavours,1
300GR,1
300G / 6Count,1
300G,1
300 grams,1
300 gm,1
300 g total,1
300 g - pack of 4,1
300 g (2 x 150 g),1
300 Pieces Teabags Drawstring Filter Resistant Thin Strong Penetration Bags Strainer Infuser Pouch Penetration Seal Tea Bag Powder Spices Teaware 6*8 CM,1
300 Pieces Teabags Drawstring Filter Bags Strainer Infuser Pouch Teabags Penetration Seal Tea Bag Powder Spices Teaware 7*9CM,1
300 Pieces Teabags Drawstring Filter Bags Strainer Infuser Pouch Penetration Seal Penetration Seal Tea Bag Powder Spices Teaware 5*7 CM,1
300 Pieces Teabags Drawstring Filter Bags Strainer Infuser Pieces Disposable Pouch Penetration Seal Tea Bag Powder Spices Teaware 7*9CM,1
300 Pieces Teabags Drawstring Filter Bags Strainer Infuser Nontoxic Unbleached Pouch Penetration Seal Tea Bag Powder Spices Teaware 6*8 CM,1
300 Each,1
30.05g,1
30 x 8g,1
30 x 27.5g,1
30 x 15 g Capsules,1
30 pcs,1
30 eggs / tray,1
30 K-Cup? pods,1
30 GM,1
30 Cups,1
3.94kg,1
3.7g,1
3.65kg,1
3.653kg,1
3.64kg,1
3.5 oz Candle - Roasted Espresso (Blue) (SS9),1
3.5 oz (99 g),1
3.2l,1
3.25kg,1
3.25% M..F1.89 Litre,1
3.15PM Taro Milk Tea with Boba,1
3.15PM Roasted Milk Tea with Boba,1
3.15PM Brown Sugar Tea with Boba,1
3.00 - 3.31kg,1
3-Pieces,1
3-Count,1
3 years,1
3 x 90ml?Bars,1
3 x 80g (240g),1
3 x 43g,1
3 x 375ml,1
3 x 250 g (750 g total),1
3 x 245ml,1
3 x 20g,1
3 x 200g,1
3 x 170g,1
3 x 140g,1
3 x 12.5g,1
3 x 10g,1
3 x 100ml Bars,1
3 x 10 g Packs,1
3 units per bunch,1
3 un - 405g,1
3 un - 270g,1
3 to 5 per tray,1
3 to 4 per tray,1
3 slices per tray,1
3 packs x 43 g; 129g,1
3 pack of 80g,1
3 lbs,1
3 lb (1.36 kg),1
3 kebab per tray,1
3 kabobs per tray,1
3 in - 120g,1
"3 for
EA",1
,
3 for,1
3 fish per tray,1
3 bags,1
3 Tier Round Cardboard Cupcake Stand Pastry Serving Platter Party Dessert Tower,1
3 Pcs Fruit Tree Branch Crutch-plant Branch Support Decorative Branches Bracket,1
3 Pack3 Each,1
3 Pack,1
3 Meat724g,1
3 Meat395g,1
3 L?cher Ketchup Quetschflasche Kunststoff Senf Mayo Flasche Saucen K¨¹che,1
3 L Bag,1
3 Kg,1
"3 Formaggi Rainbow Tortellini,700g",1
3 Cheese Flavour380g,1
3 Cheese Flavor8 Each,1
3 Breasts,1
3 Bottles: Red Yello Blue44.36 Millilitre,1
3 Bottles: Pink Green Blue44.36 Millilitre,1
2?lb,1
2x94g,1
2x85.8g,1
2x83g,1
2x75g,1
2x63g,1
2x61g,1
2x60g,1
2x600g,1
2x56g,1
2x54g,1
2x43g,1
2x347g,1
2x285g,1
2x235g,1
2x20g,1
2x175g,1
2x170g,1
2x165g,1
2x160g,1
2x155g,1
2x143g,1
2x135g,1
2x120.0ml,1
2x115g,1
2x112g,1
2x10g,1
2x100g,1
2x1.25l,1
2x0.5g,1
2x Differential M16018 For Hbx 16889 16889a 16890 16890a Sg 1601 Sg 1602 Sg1601 Sg1602 Rc Car Parts,1
2pcs Wooden Ducks Statue Wood Mandarin Duck Statue Chinese Mandar,1
2pcs Swing Tree Hanging Rope Hammock Extender Adjustable Suspension Strap,1
2pcs Men Newsboy Cap Herringbone Baker Boy Cabbie Flat Hat Retro Newsboy Cap Tw,1
2pcs Heavy Duty Adjustable Toggle Latch Clamp With Lock Hole 660lbs Holding Capacity Large Pull Action Latch Kfv Jp,1
2pcs 7 Chakras Silicone Mold DIY Hemisphere Mirror Casting Mold Practical Semicircle Round Mirror Crystal Epoxy Mold for Pendant Jewelry Making Craft,1
2pcs 2m Colorful Rhythmic Gymnastics Ribbon Dancing Gymnastics Ribbon Dancing Streamers For Kids Children (blue),1
2pcs,1
2oz,1
2lb907g,1
2lb2 Pound,1
2gx50,1
2g,1
2LT,1
2L Bottle,1
2L 1% Lock City Dairies,1
2Kg,1
29ml,1
299g,1
298ml,1
297.67g,1
296 per pack,1
295g 295g,1
295GM,1
294ml,1
293.33g,1
293 Millilitre,1
290 GR,1
290 G,1
29 grams,1
28un,1
28gx24pcs,1
28gx24pc,1
28gx10,1
28ea,1
28CT PJ MASKS CANDY CARD KIT,1
289ml,1
288g (120 tea bags).,1
287ml,1
285gr,1
285 G,1
283 grams,1
283 g total,1
283 g (12 Sticks),1
280g_EN,1
280g madeleines,1
280 gm,1
280 g total,1
280 g - pack of 11,1
28.3ml,1
28 per pack,1
28 g (10 sheets),1
28 count Mixed Fruit Fruit Snacks,1
28 count Berries 'n Cherries Fruit Snacks,1
28 Slices,1
28 Pack,1
28 Millilitre,1
28 GR,1
27x150ml,1
27pcs,1
27ml x 9,1
27gx10,1
275.5g,1
275 x 1.4kg,1
275 g - pack of 6,1
270GM,1
270 g total,1
270 Millilitre,1
27.5gx30,1
27 per pack,1
27 Individually Wrapped Chocolates Per Bag (145g),1
27 Each,1
26gx14,1
26Pcs Mesh Net Cup Kit 3 In Mesh Net Pot Cups for,1
268 g.,1
264ml,1
264g /24 count,1
261?g,1
260G,1
260 G,1
26% Less Salt156g,1
26 Slices,1
26 Pieces,1
25ml | Multiple Flavours,1
25gx40,1
25gx30,1
25gx16,1
25gx14,1
25gx13,1
25gx10,1
25gX6,1
25ct Reese's PeanutButter Cups,1
25ct HSY Cookies 'n' Cr¨¨me,1
256 Millilitre,1
255ml,1
255gx6,1
255 Millilitre,1
251gx6,1
251 Millilitre,1
250x250.0g,1
250mlx4,1
250mlx3,1
250mlx10,1
250ml | Multiple Flavours,1
250ml SM SF Maple,1
250ml Concentrated Liquid Stock,1
250ml Concentrated Liquid,1
250gm,1
250gX6,1
250g tin,1
250g Pouch,1
250g Ground Espresso Brick,1
250g 8.8oz,1
250ea,1
2500g,1
250 grams,1
250 g.,1
250 g total,1
250 g Instant Thickener,1
250 g (6 varieties),1
250 Each,1
25.4 Fo (Pack of 12),1
25% 2LT,1
25 fl.oz,1
25 Each,1
24x75ml,1
24x355ml - cans,1
24x29.0g,1
24x250.0ml,1
24x148.0ml,1
24x100.0g,1
24x1.0ea,1
"24pcs,300g",1
"24pcs, 249g",1
24gx20,1
24ct,1
248ml,1
248 g total,1
245mlx6,1
245mlx12,1
245ml x 6 cans,1
244Gr Ham Chs Sub 8 inch,1
241GM,1
240mlx12,1
240ml/360ml/500ml Squeezing Seasoning Bottle Beaked Bottle For Vinegar Cream Tomato Sauce,1
240g/Boxed Cookies,1
240g x 5,1
240G,1
2400ml,1
2400 Millilitre,1
240 gr,1
240 g/Boxed Wafer Cookies,1
240 g total,1
240 g / 6 shells,1
240 g (2 x 120 g),1
240 Grams,1
24/405ml,1
24.7g,1
24-pieces,1
24-oz (1.5lbs),1
24-ounces (Pack of 4),1
24-count,1
24-Days Christmas Countdown Calendar Jewelry Gifts,1
24 x 99g,1
24 x 99.542g,1
24 x 75ml (1.8L),1
24 x 75ml (1.8 L),1
24 x 75ml,1
24 x 591ml,1
24 x 38g,1
24 x 29.583g,1
24 x 110ml,1
24 x 0.5l,1
24 oz,1
24 oysters,1
24 bars,1
24 Pockets Santa Claus Christmas Advent for Kids Calendar Wall Hanging Ornament Snacks Biscuits Home Bedroom Living Room Decoration Red,1
24 Pockets Santa Claus Christmas Advent Calendar Wall Hanging Empty Santa Claus Christmas Ornament Snacks Biscuits Home Bedroom Living Room Decoration Red,1
24 Pockets Santa Claus Christmas Advent Calendar Wall Empty Santa Claus Christmas Hanging Ornament Snacks Biscuits Home Bedroom Living Room Decoration Red,1
24 Pieces Christmas Calendar Bags DIY Candy Snacks Stickers Decor Gift Storage Holiday Home Decoration with Stickers Clips for Adults A,1
24 Pieces Christmas Calendar Bags DIY Adult Candy Snacks Gift Storage Holiday Home Decoration with Stickers Clips for Adults A,1
24 Pieces Christmas Calendar Bags Burlap Cloth Toy DIY Candy Snacks Gift Storage Holiday Home Decoration with Stickers Clips for Adults Numbers,1
24 Days Advent Calendar 2D Pendants Countdown Calendar Including Reindeer Santas Christmas House Puppies Christmas Creative Gifts,1
24 Day Christmas,1
24 Count,1
24 Squares,1
23pcs,1
23gx12,1
237.6g,1
236 Millilitre,1
2310g,1
230mlx10,1
230gx10,1
230gx1+160gx7,1
230Cm Foil Perada Pita Karangan Bunga untuk Dekorasi Natal Pohon Natal Pita Pembungkus Ornamen Natal Tahun Baru Perlengkapan Dekorasi,1
230 gr,1
230 GR,1
22x90gr pouches (1.98kg),1
22x90g,1
22x22un,1
22mm,1
227g/6 knots,1
227g tin,1
227GR,1
227 grams,1
227 g total,1
227 g (72 tea bags),1
226 Millilitre,1
225?g,1
225gx6,1
225gx4,1
225 grams,1
225 gr,1
223 g / 6 muffin bars,1
222gx2,1
222g,1
220un,1
220gx4,1
220gx10,1
220 g total,1
22.8g,1
22.8 cm (9 In),1
22-Pieces,1
22 x 28g,1
22 pieces (1.2 kg),1
22 Pieces1 Each,1
22 * 28g,1
217 Millilitre,1
216 tea bags,1
216,1
215gx2,1
215 g (7.58 oz),1
215 Millilitre,1
214ml,1
213ml (8oz),1
213GM,1
212.5g,1
212 Millilitre,1
211ml (8oz),1
211g,1
210gx6,1
210gx2,1
210g/7 pouches,1
210GM,1
210 g\11 Cheese slices,1
210 g/11 Cheese slices,1
21 pack - 819g,1
20x60ml,1
20x454g,1
20x360.0g,1
20x36.0g,1
20x35.0g,1
"20pcs, 156g",1
20lb,1
20kg,1
20gx6,1
20gx24,1
20gx16,1
20Pcs/set Figurine Assorted Craft Fairy Garden Decoration DIY Gift Toys Pink,1
20Pc,1
2095g,1
205ml,1
205 g,1
2040g,1
2024 Christmas Advent Calendar for KidsChristmas Ornaments DIY Creative Pendant Xmas Party Decor Calendar Kit 24PCS Surprise Countdown Calendar With Christmas Tags,1
2023-toy Little Doctor Doc Mcstuffins Muffin Little Girl Dinosaura,1
2023 Semi-automatic birthday cake smoothing machine cake coating machine cream plastering filling machine kitchen appliance,1
200ml x 6,1
200gx3,1
200gm / 100 tea bags,1
200gm,1
200g | Multiple Flavours,1
200g x 5,1
200g x 4,1
200g x 12,1
200g hard feta tub.,1
200ea,1
200GR,1
200G FROZEN GUMMY BRACELET EXCHANGE,1
200-gram per bag,1
200 un - tablets,1
200 gm,1
200 g Feta Spread Tub,1
200 g Bag,1
200 g - pack of 8,1
200 g - Pre-sliced.,1
200 g,1
200 G DICED CURED MEAT,1
200 Filters,1
20/50PCS Halloween Christmas Candy Package Card Snowman Santa Lollipop Holder Biscuits Decoration Kids Gift Home DIY Supplies,1
20/454g,1
20/450G,1
20-Pieces,1
20-Inch,1
20 x 75g,1
20 x 37.5g,1
20 pack | Box,1
20 pack,1
20 oz,1
20 cups,1
20 Tea Bags 40g(1.4oz),1
20 Tea Bags 20g(0.71g),1
20 Pound,1
20 Patties,1
20 Pack1 Each,1
20 Pack,1
20 Bags,1
2.9kg,1
2.99 - 3.39kg,1
2.94 - 4.30kg,1
2.9 kg (serves 30-40),1
2.8KG,1
2.5dz,1
2.54?l,1
2.5 lbs,1
2.5 Pound,1
2.4l,1
2.4 oz,1
2.3l,1
2.376kg,1
2.35kg,1
2.353kg,1
2.342kg,1
2.3 kg (serves 15-20),1
2.2L Portable Size PETG Large Capacity Water Bottle Training Sports Workout Drink Bottle,1
2.27KG,1
2.275kg,1
2.271kg,1
2.27 - 3.16kg,1
2.26KG,1
2.2 KG,1
2.12kg,1
2.016l,1
2.00 - 4.00kg,1
2% milk,1
2% Vanilla,1
2% Strawberry,1
2% Partly Skimmed Milk354 Millilitre,1
2% M.F.500g,1
2% M.F.1.89 Litre,1
2 x 454 g - 2 bags microwavable or boil in bag,1
2 x 350 g (700 g total),1
2 x 28g,1
2 x 285g,1
2 x 235g,1
2 x 1kg,1
2 x 120ml,1
2 x 100 g (200 g total),1
2 x 1.25l,1
2 to 3 per tray,1
2 thighs per tray,1
2 thighs per package,1
2 tenderloins per tray,1
2 souvlaki per tray,1
2 slices per tray,1
2 shells,1
2 seasoned medallions,1
2 rouelles per tray,1
2 rosettes per tray,1
2 racks per tray,1
2 portions,1
2 pieces,1
2 pcs,1
2 oz,1
2 legs per tray,1
2 kilogram,1
"2 for
PK",1
,
2 escalopes per tray,1
2 drumsticks per tray,1
2 drumsticks per package,1
2 chickens per tray,1
2 burgers per tray,1
2 bones per tray,1
2 bochettes per tray,1
2 beef kabob per tray,1
2 Pork Side Ribs,1
2 Pieces 1:12 Miniature Dollhouse Plants Miniature Bonsai Plant Jp,1
2 Pack Large Inflatable Cooler Floating Drink Cooler for Parties 2in1 Pool Drink Floatie and Party Supplies Summer Party Decorations Drink Floats for Swimming Pool (Pack of 2),1
2 Breasts,1
2 Bars Per Pack (43g),1
2,1
1?kg,1
1x4L bottle,1
1x100g Dark Chocolate Bar,1
1x1.5L bottle,1
1x 4L bottle,1
1pc Drinking Water Bag Bladder Outdoor Running Hiking Climbing Camping 1L 28x16cm,1
1l 35%,1
1kg1kg,1
1kg Jar1kg,1
1LT 6PK,1
1LT,1
1L WHOLE MILK,1
1L Skim Milk,1
1L SM SF Maple,1
1L 2% Lock City Dairies,1
1Kg,1
1KG,1
1Box,1
19x19.0g,1
19gx15,1
199ml,1
198?g,1
198,1
196 g.,1
195ml,1
195GM,1
194g (60 tea bags),1
193ml,1
1936 Torrefacto Cinnamon & Spices Instant Coffee 8 oz - Smooth Taste - 100% Pure Arabica Coffee - Light Instant Coffee Medium Roast - Glazed with Cane Sugar Gluten Free Kosher Certified Non GMO,1
192.5g,1
190ml yogurt drink for kids,1
190gx4,1
19% Meat Protein142g,1
18x60ml,1
18x43g,1
18x203g,1
18x140.0ml,1
18x 20ml,1
18lbs,1
18lb,1
18kg,1
18gx25,1
18Pellets,1
1893ml,1
187.5gx2,1
186 g (6.56 oz),1
185gx8,1
185gx1+95gx7,1
185gx1,1
185 Millilitre,1
184gx3,1
184GR,1
182G,1
1800ml,1
180 g x 1,1
180 GR,1
18.9 Litre,1
18.5g,1
18-pieces,1
18 x 66ml,1
18 x 33g,1
18 x 2g,1
18 x 10.611g,1
18 packs,1
18 bars,1
18 Vegetable Egg Rolls,1
18 Pieces,1
18 Pcs,1
18 Oz,1
18 Meat Egg Rolls,1
18 Chicken Egg Rolls,1
17gx20,1
17gX10,1
179ml,1
179g,1
1775g,1
175g+55gx8,1
175 grams,1
175 g Instant Stock Mix,1
1740g,1
170 g.,1
170 GM,1
17% meat protein,1
16x95.0g,1
16x25g,1
16x16.7g,1
16x12.5g,1
16x107.0ml,1
16lbs,1
16gx18,1
16a Wifi Zigbee Smart Switch Relay Module Timer Tuya Smart Life App For Alexa~,1
167ml,1
1675g,1
167 g Side Dish,1
1660g,1
1650g,1
165 g - 8 slices,1
164 GM,1
164,1
1625g,1
162 g Side Dish,1
160gx4,1
160gr,1
160G,1
1600ml,1
1600gm,1
160.5g,1
160 gr,1
160 g (80 packets),1
160 Each,1
16/32/48pcs X Power Coffee For Men All Natural Ginseng Maca Relieve Stress Energy Sexual Desire,1
16.9 fl oz,1
16.9 Oz - $0.24/Oz,1
16.9 OZ (Pack of 6),1
16.4g,1
16-48pcs/set Pop Little Suckers Assembled Sucker Suction Cup Educational Building Block Toy Gi&boy Kids Gifts Fun Game,1
"16""",1
16 x 9g,1
16 x 45 g Bars,1
16 x 16g,1
16 per tray,1
16 pack,1
16 oz (454 g),1
16 g x 22,1
16 Waffles,1
16 T-Discs,1
16 Pack,1
16 G,1
15x33g,1
15x330ml,1
15x31g,1
15x22g,1
"15pcs, 895g",1
15gx25,1
15gx10,1
158 g * 5 pk,1
157ml,1
1575g,1
156 GM,1
155g Veggie Ham Slices,1
1550g,1
153 g Rice & Vermicelli Side Dish,1
152ml,1
152.8g,1
152.1g,1
150gx6,1
150gx5,1
150g | Multiple Flavours,1
150g Dark Chocolate Bar,1
150GR,1
150GM,1
150.9g,1
150 gram,1
150 gr,1
150 g Side Dish,1
150 g Instant Stock Mix,1
150 g (6 Pouches),1
150 GR,1
15-Cavity,1
15 x 14g,1
15 Sticks3 Each,1
15 Pcs Plastic Container Reusable Meal Prep Container Disposable Lunch Boxes Meal Prep Trays Disposable Bento Box,1
15 Oz (Pack of 12),1
1475g,1
1460ml,1
145mlx12,1
145.8g,1
145.6g,1
144ea,1
1440g,1
143gx5,1
143 g Pasta Side Dish,1
142GR,1
1420ml,1
141ml,1
141gx5,1
141G,1
141.8g,1
140un,1
140mlx5,1
1400 GR,1
14.4g,1
14 x 29.286g,1
14 x 14g,1
14 slices,1
14 oz.,1
14 inch Decorating Bag,1
14 fl oz,1
14 Slices,1
14 Oz,1
138ml,1
1380g,1
137gx4,1
137 g Pasta Side Dish,1
136g; 8 units,1
136 g Side Dish,1
135G,1
135 g Side Dish,1
135 Millilitre,1
134ml,1
134gx5,1
133ml,1
133gx5,1
1330g,1
132gx5,1
130g x 4,1
130ea,1
130G NET MYSTICAL MIX,1
1304g,1
1300g 1lb,1
130 g Side Dish,1
13.13 OZ (Pack of 6),1
13.125 Oz (Pack of 6),1
13-Inch,1
12x960ml,1
12x85g,1
12x84.0g,1
12x750.0ml,1
12x63ml,1
12x61g,1
12x59g,1
12x58g,1
12x57.0g,1
12x56g,1
12x55.0g,1
12x48ml,1
12x48.0ml,1
12x48.0g,1
12x453.0g,1
12x39g,1
12x398.0ml,1
12x370.0ml,1
12x33g,1
12x324.0g,1
12x30g,1
12x304.0g,1
12x28g,1
12x283.0g,1
12x275.0g,1
12x260.0g,1
12x250ml,1
12x250.0ml,1
12x240g,1
12x228.0g,1
12x226.0g,1
12x200.0ml,1
12x1l,1
12x14.2g,1
12l,1
12kg,1
12g x 10,1
"12g Protein
8g Net carbs",1
,
12ct,1
128ml,1
1280g,1
127gx4,1
1275 gm / 15 pcs,1
126gx5,1
1260ml,1
125?g,1
125mlx20,1
125gx5,1
125gr,1
125g sliced,1
1250ml,1
125 Plates,1
124g; 8 count,1
123.03g,1
1221g,1
1220g,1
120mlx8,1
120mlx12,1
120gx10,1
120g; 8 count,1
120g+88gx8,1
120.5g,1
120 g Side Dish,1
120 Millilitre,1
120 Gram Bag,1
120 Cups,1
12/540ml,1
12/480g,1
12.5 Kg,1
12.2g,1
12-pieces,1
12-Inch dia,1
12-Inch,1
12-Count,1
12 x 99g,1
12 x 90g pouches (1.08kg),1
12 x 90g,1
12 x 907 G,1
12 x 75ml,1
12 x 63ml,1
12 x 60ml bars,1
12 x 58g,1
12 x 57 g cups (684 g total),1
12 x 50ml bars,1
12 x 48ml,1
12 x 473ml,1
12 x 355,1
12 x 34.167g,1
12 x 32g,1
12 x 28g,1
12 x 28 g Sticks,1
12 x 24 g Sticks,1
12 x 22.75g,1
12 x 200g,1
12 x 180g,1
12 x 15 G,1
12 x 14 g (168 g),1
12 x 114g,1
12 x 110ml,1
12 x 100g yogurt cups,1
12 x 1.5l,1
12 un - 480g,1
12 un - 336g,1
12 un - 324g,1
12 un - 312g,1
12 un - 300g,1
12 thighs per tray,1
12 pk - 550g,1
12 oysters,1
12 cups,1
12 ct Black Tea,1
12 bars x 48ml,1
12 Stems,1
12 Single serves,1
12 Savory Butter Rolls,1
12 Pudding Cups12 Each,1
12 Pods,1
12 Pieces,1
12 Pellets/Pack,1
12 Medium Eggs,1
12 Large Size Eggs,1
12 Extra Large Eggs,1
12 Cookies,1
12 Breadsticks,1
12 Bars x 60ml,1
11pc,1
11ea,1
1188ml,1
1185g,1
1180g,1
118.8g,1
117gx5,1
116gX5,1
115ml,1
115gx5,1
115g x 5,1
115g Skls/Bnls Mackerel-Lemon,1
1157g,1
115 Each,1
114 Millilitre,1
113gx5,1
113g-708g,1
113GR,1
113.7g,1
113 g Tray,1
113 g Soup Mix,1
113 g Iodized salt,1
113 Millilitre,1
1125g,1
111g x 4,1
110gx6,1
110gx5,1
110ea,1
11.35 Litre,1
10x822.0g,1
10x70.0g,1
10x57g,1
10x52.0g,1
10x43g,1
10x37g,1
10x34g,1
10x3.6?g,1
10x28.0g,1
10x14g,1
10x13g,1
10pcs 230g,1
10pcs 1:12 Biscuits for Cooking Style6,1
10pcs 1:12 Biscuits for Cooking,1
10ml Syrup Pump Bottles Pump Dose Juice Replacement Pump Head Kits,1
10lb Bag10 Pound,1
10gx10,1
"10g Yellow Color Soap Making Colorants for , Making, Blush,",1
10S,1
10Pcs Halloween Candy Box Moon Shape Pumpkin Black Cat Ghost Witch Skeleton Paper Chocolate Biscuit Treat Snack Goodies Cake Packaging Box Kit Party Supplies,1
10PCS Black Fishing Rod Ceramic Fishing Pole Rods Repair,1
108gx5,1
108ea,1
1085g,1
107.5g,1
106gx6,1
106gx5,1
1060g,1
106 Gram Bag,1
105gx4,1
1050g,1
102gx4,1
102g; 8 count,1
102g x 4,1
102 g.,1
101gx6,1
101gx5,1
101gX6,1
1015g,1
100pcs/Bag 10x10cm Square Sweets Chocolate Party Candy Sheet Chocolate Lolly Foil Sheets Candy Package Foil Paper Sheets Wedding Shower Party Favors,1
100pcs/Bag 10x10cm Square Sweets Chocolate Lolly Sheets Chocolate Foil Sheets Candy Package Foil Paper Sheets Wedding Shower Party Favors,1
100pcs/Bag 10x10cm Square Sweets Chocolate Lolly Party Candy Sheet Foil Sheets Candy Package Foil Paper Sheets Wedding Shower Party Favors,1
100pcs/Bag 10x10cm Square Sweets Chocolate Lolly Foil Sheets Candy Package Foil Paper Sheets Wedding Shower Party Favors,1
100pcs/Bag 10x10cm Square Sweets Chocolate Lolly Foil Sheets Candy Chocolate Lolly Foil Package Foil Paper Sheets Wedding Shower Party Favors,1
100pcs/Bag 10x10cm Square Sweets Chocolate Lolly Foil Sheets Candy 10x10cm Square Foil Sheets Package Foil Paper Sheets Wedding Shower Party Favors,1
100pcs/Bag 10x10cm Square Sweets Chocolate Lolly Candy Package Paper Sheets Foil Package Foil Paper Sheets Wedding Shower Party Favors,1
100pcs/Bag 10x10cm Square Sweets Chocolate Lolly Candy Package Foil Sheet Candy Package Foil 10x10cm Square Foil Paper Sheets Wedding Shower Party Favors,1
100pcs/Bag 10x10cm Square Sweets Chocolate Lolly Candy Package Foil Paper Sheets Shower Party Package Foil Paper Sheets Wedding Shower Party Favors,1
100pcs/Bag 10x10cm Square Sweets Chocolate Lolly Candy Package Foil Package Foil Paper Sheets Wedding Shower Party Favors,1
100pcs/Bag 10x10cm Square Sweets Chocolate Lolly Candy Package Foil Lolly Foil Paper Package Foil Paper Sheets Wedding Shower Party Favors,1
100pcs/Bag 10x10cm Square Sweets Chocolate Lolly Candy Package Foil Candy Sheet 10x10cm Square Foil Paper Sheets Wedding Shower Party Favors,1
100pcs/Bag 10x10cm Square Sweets Chocolate Lolly Candy Package Foil 10x10cm Square Foil Paper Sheets Wedding Shower Party Favors,1
100pcs/Bag 10x10cm Square Sweets Chocolate Lolly Candy Package Foil 10x10cm Square Foil 10x10cm Square Foil Paper Sheets Wedding Shower Party Favors,1
100pcs/Bag 10x10cm Square Sweets Chocolate Chocolate Sheet Candy Package Lolly Candy Package Foil 10x10cm Square Foil Paper Sheets Wedding Shower Party Favors,1
100pcs Non-woven Fabric Tea Bags Food Grade Tea Filter Bags for Spice Tea Infuser with String Heal Seal Spice Filters Teabags 100pcs 8 x 12cm,1
100pcs Non-woven Fabric Tea Bags Food Grade Tea Filter Bags for Spice Tea Infuser with String Heal Seal Spice Filters Teabags 100pcs 6 x 8cm,1
100pcs Non-woven Fabric Tea Bags Food Grade Tea Filter Bags for Spice Tea Infuser with String Heal Seal Spice Filters Teabags 100pcs 5 x 7cm,1
100pcs Non-woven Fabric Tea Bags Food Grade Tea Filter Bags for Spice Tea Infuser with String Heal Seal Spice Filters Teabags 100pcs 25x30cm,1
100pcs Non-woven Fabric Tea Bags Food Grade Tea Filter Bags for Spice Tea Infuser with String Heal Seal Spice Filters Teabags 100pcs 20x30cm,1
100pcs Non-woven Fabric Tea Bags Food Grade Tea Filter Bags for Spice Tea Infuser with String Heal Seal Spice Filters Teabags 100pcs 20x25cm,1
100pcs Non-woven Fabric Tea Bags Food Grade Tea Filter Bags for Spice Tea Infuser with String Heal Seal Spice Filters Teabags 100pcs 18x20cm,1
100pcs Non-woven Fabric Tea Bags Food Grade Tea Filter Bags for Spice Tea Infuser with String Heal Seal Spice Filters Teabags 100pcs 12 x 16cm,1
100pcs Non-woven Fabric Tea Bags Food Grade Tea Filter Bags for Spice Tea Infuser with String Heal Seal Spice Filters Teabags 100pcs 10 x 12cm,1
100mlx3,1
100gx4pcs,1
100gx30,1
100gx2,1
100gm,1
100g | Multiple Flavours,1
100g | Assorted Flavours,1
100g Egg with Halloween Surprise! Shipped product will be either blue or green monster.,1
100Pcs/Lot Teabags 5 x 7CM Empty Scented Tea For Loose Tea; Bags With String Heal Seal Filter Paper,1
100Pcs Coffee Filter Paper Coffee Cup Strainers for Latte Drip Tools Drip Coffee Large,1
100G X 6 Pack,1
1008g,1
1000ml Coffee Maker Coffee Brewing Tool -Resistant Brewing Coffee Bottle Pink,1
100-count,1
100-Count,1
100% sustainably sourced cocoa.,1
"100% pure sparkling grape juice.
or flavoring added
and refreshing drink.
Kosher for passover and all year round!
Kosher certified and produced under the strictist Kosher Laws by Observant Jews.",1
,
"100% pure grape juice
or flavoring added
and refreshing drink.
Kosher for passover and all year round!
4 Cups at the Passover",1
,
100% Whole Wheat Italian Style Thick Slice510g,1
100% Whole Grain Rolled Oats,1
100% Organic Gluten Free Red Lentil Pasta,1
100% Organic Gluten Free Chickpea Pasta,1
"100% Juice Blend,1.89 Litre",1
100% Italian750 Millilitre,1
100 white filters,1
100 lollipops,1
100 filters,1
100 basket filters,1
100 Pieces Round Coffee Filter Papere Coffee Strainer coffee maker for hotel Cafe 53mm,1
100 Pieces Paper Replacement Filters for Tea and Tools Latte Drip Tools Drip Dripper Accessories Medium,1
100 Pieces Canvas Drawstring Bags Filter Solid Fine Mesh Burlap Color Fine Mesh Reliable Fast Drying Spice Bag for Hold Crafts Tea Leaf 7*9cm,1
100 Pieces Canvas Drawstring Bags Filter Solid ColorCanvas Drawstring Bags Color Fine Mesh Reliable Fast Drying Spice Bag for Hold Crafts Tea Leaf 7*9cm,1
100 Pieces Canvas Drawstring Bags Filter Solid Color Fine Mesh Burlap Mesh Reliable Fast Drying Spice Bag for Hold Crafts Tea Leaf 7*9cm,1
100 Pieces Canvas Drawstring Bags Filter Home Supplies Solid Color Fine Mesh Reliable Fast Drying Spice Bag for Hold Crafts Tea Leaf 7*9cm,1
100 Pieces Canvas Drawstring Bags Filter Filter Solid ColorCanvas Solid Color Fine Mesh Reliable Fast Drying Spice Bag for Hold Crafts Tea Leaf 7*9cm,1
100 Pieces Canvas Drawstring Bags Filter Burlap Bags 100 Pieces Solid Color Fine Mesh Reliable Fast Drying Spice Bag for Hold Crafts Tea Leaf 7*9cm,1
100 Pieces Canvas Drawstring Bags Bags Quick Filter Solid Color Fine Mesh Reliable Fast Drying Spice Bag for Hold Crafts Tea Leaf 7*9cm,1
100 Pieces Canvas Drawstring Bags Bag Filter Solid Color Fine Mesh Reliable Fast Drying Spice Bag for Hold Crafts Tea Leaf 7*9cm,1
100 Pack,1
100 G,1
100 Calorie One Bun,1
10/30g,1
10% M.F.946 Millilitre,1
10% M.F.473 Millilitre,1
10% M.F.237 Millilitre,1
"10""",1
10 x 94g,1
10 x 76g,1
10 x 75g,1
10 x 70g,1
10 x 4g,1
10 x 400g,1
10 x 3g,1
10 x 38g,1
10 x 35g,1
10 x 34g,1
10 x 30G (300g),1
10 x 27.5g,1
10 x 200g,1
10 x 2.6g,1
10 x 2.4g,1
10 x 16 G,1
10 x 15g,1
10 x 13g,1
10 x 130ml,1
10 to 14 per tray,1
10 to 12 wings per tray,1
10 to 12 per tray,1
10 sausages - 375g,1
10 pouches/226g,1
10 pouches,1
10 pieces/1 sauce 250g,1
10 pcs,1
10 oz Candle - Spiced Apple (SS19),1
10 oz Candle - Roasted Espresso (SS2),1
10 lbs,1
10 lb10 Pound,1
10 in pack,1
10 drumsticks per tray,1
10 ct,1
10 count,1
10 calories to refresh and energize with Monster's proprietary energy blend.,1
10 brioche rolls,1
10 Vegetable Egg rolls with sauce,1
10 Stems,1
10 Meat Egg Rolls with sauce,1
10 Lb,1
10 Kg,1
10 Gyoza + 1 packet of Gyoza sauce,1
10 Chicken Egg Rolls with sauce,1
10 Artificial Flowers Two headed Ranunculus Flowers Photography Props Decoration Home Living Room Decoration,1
1/2pcs Butter Mixing Tool Peanut Butter Stirrer Peanut Butter Mixer Jam Mixer Kitchen,1
1/2/3PCS Stainless Steel Turkey Seasoning Needle Spice Syringe BBQ Meat Flavor Injector Cooking Tools Sauce Marinade Syringe,1
1/2 The Fat750 Millilitre,1
1.96 kg (24 bags x 82 g),1
1.95l,1
1.95kg,1
1.92 - 2.60kg,1
1.9 - 1.20kg,1
1.89ea,1
1.89L Coffee,1
1.89L Coconut Milk,1
1.89 l,1
1.89 L Carton,1
1.88kg,1
1.87kg,1
1.85 - 2.04kg,1
1.81kg Potato Salad,1
1.812kg,1
1.802kg,1
1.8-16kg,1
1.7l,1
1.79 - 2.11kg,1
1.77kg,1
1.77 Litre,1
1.76 Oz,1
1.75 - 2.00kg,1
1.74kg,1
1.74L Dairy like Milk,1
1.728kg,1
1.7 Litre,1
1.7 KG,1
1.66kg,1
1.66 LT Ice Cream,1
1.66 L Ice Cream,1
1.66 - 2.06kg,1
1.625kg,1
1.6 Kg Pack of 6,1
1.5lt plastic bottle,1
1.5lb,1
"1.5l, 50% Less Sugar",1
1.5kg Reusable Transparent Rice Storage Bag 5Pcs Grain Sealed Storage Bag for Rice Cereals Flour Nuts Beans Grain,1
1.5gx100,1
1.5ea,1
1.56kg,1
1.55 Oz,1
1.51kg,1
1.50 - 4.00kg,1
1.50 - 1.83kg,1
1.50 - 1.75kg,1
1.5 lb bag,1
1.5 Kg,1
1.5 KG,1
1.5 Each,1
1.4g,1
1.49kg,1
1.475kg,1
1.46kg,1
1.45l,1
1.44l,1
1.44kg,1
1.44 - 2.00kg,1
1.44 - 1.76kg,1
1.43kg,1
1.43Kg,1
1.43 - 1.75kg,1
1.42L | Multiple Flavours,1
1.42L Cold Brewed Arabica Coffee,1
1.42L Cold Brew Coffee,1
1.42 L Mayonnaise,1
1.41L Light Ice Cream,1
1.4 KG,1
1.39kg,1
1.38 - 1.68kg,1
1.37kg,1
1.36 kg / 3 lb bag,1
1.36 kg / 3 lb,1
1.36 kg (3 lb),1
1.36 KG,1
1.35 - 2.02kg,1
1.33kg,1
1.332l,1
1.32l,1
1.32kg,1
1.325kg,1
1.32,1
1.30 - 1.90kg,1
1.2lbs,1
1.256kg,1
1.25 - 1.55kg,1
1.24l,1
1.24 KG,1
1.23kg,1
1.20 - 2.40kg,1
1.20 - 2.14kg,1
1.20 - 1.50kg,1
1.20 - 1.40kg,1
1.2 kg Value Pack,1
1.2 kg - 36 servings,1
1.18kg,1
1.176kg,1
1.171kg,1
1.15l,1
1.15 - 1.75kg,1
1.14kg,1
1.13l,1
1.13g,1
1.13KG,1
1.137l,1
1.12ea,1
1.12 - 1.33kg,1
1.116kg,1
1.10kg,1
1.10 - 1.50kg,1
1.10 - 1.40kg,1
1.06 Litre,1
1.038kg,1
1.02KG,1
1.013kg,1
1.01 - 1.36kg,1
1.00 - 1.49kg,1
1.00 - 1.35kg,1
1-Piece,1
1-3pcs Nugen Bloom Collagen Coffee -pure Organic Coffee(10 Bags/box),1
1-1.5 lb,1
1 x 90g,1
1 x 8g,1
1 x 45g,1
1 x 275g,1
1 x 25g,1
1 x 22g Stick,1
1 x 22g,1
1 x 17g,1
1 x 175g,1
1 x 14g,1
1 unidad,1
1 turkey per tray,1
1 tray,1
1 steak,1
1 shoulder per tray,1
1 scallop,1
1 roast,1
1 pint,1
1 pieces,1
1 par barquette,1
1 or 2 chops per tray,1
1 liver per tray,1
1 lamb leg per tray,1
1 kit,1
1 kg / pack,1
1 kg (2 x 500g),1
1 g),1
1 for you and 1 to share with someone special. Includes four different delicious HERSHEY'S KISSES flavours.,1
1 case,1
1 bottle dessert coloring powder baking pigment DIY mousse fondant macaron spray powder cake color decorating tool,1
1 botte,1
1 X 350g,1
1 X 250ml,1
1 Package of 3,1
1 Pack/~3lbs,1
1 Pack,1
1 Manual Brewer,1
1 LT,1
1 LITER,1
1 L x 6,1
1 L Tub1 Litre,1
1 KG / 2.2 Lbs,1
9296,1
0.98kg,1
0.954kg,1
0.94 - 1.24kg,1
0.93 - 2.25kg,1
0.93 - 1.14kg,1
0.92 - 1.21kg,1
0.91 - 1.19kg,1
0.908kg,1
0.8lbs,1
0.8kg,1
0.86 - 1.40kg,1
0.84 - 1.04kg,1
0.83kg,1
0.825kg,1
0.82 - 1.02kg,1
0.81 - 0.99kg,1
0.7lbs,1
0.7lb,1
0.7l,1
0.7g,1
0.78 - 1.44kg,1
0.775kg,1
0.75 - 1.50kg,1
0.75 - 1.35kg,1
0.70g,1
0.70 - 1.30kg,1
0.70 - 1.10kg,1
0.68 - 1.35kg,1
0.675kg,1
0.67 - 0.95kg,1
0.66kg,1
0.65 - 0.82kg,1
0.65 - 0.80kg,1
0.65 - 0.75kg,1
0.62 - 0.76kg,1
0.60 - 0.85kg,1
0.60 - 0.75kg,1
0.5oz,1
0.5lbs,1
0.5g Each Time WOW finds,1
0.5g Each Time Deals on household supplies,1
0.5g Each Time Coupon Centre,1
0.5g Each Time Clearance up to 70% off Cyber&Monday Deals Big Savings up to 70% off,1
0.57kg,1
0.575kg,1
0.55 - 1.15kg,1
0.55 - 0.63kg,1
0.515kg,1
0.51 - 0.85kg,1
0.50 - 0.69kg,1
0.50 - 0.63kg,1
0.4lbs,1
0.49kg,1
0.495kg,1
0.47kg,1
0.47 - 0.90kg,1
0.47 - 0.59kg,1
0.464kg,1
0.45 - 0.72kg,1
0.45 - 0.68kg,1
0.438kg,1
0.42kg,1
0.40 - 0.57kg,1
0.40 - 0.50kg,1
0.39kg,1
0.39 - 0.54kg,1
0.38 - 0.57kg,1
0.35 - 0.65 gr,1
0.35 - 0.57kg,1
0.35 - 0.50kg,1
0.33 - 0.60kg,1
0.305kg,1
0.30 - 0.40kg,1
0.2lbs,1
0.297kg,1
0.284kg,1
0.28 - 0.45kg,1
0.25lbs,1
0.25 - 0.60kg,1
0.249kg,1
0.23kg,1
0.235kg,1
0.208kg,1
0.207kg,1
0.20 - 1.00kg,1
0.20 - 0.60kg,1
0.20 - 0.50kg,1
0.20 - 0.35kg,1
0.19kg,1
0.19 - 0.27kg,1
0.18kg,1
0.17 - 0.47kg,1
0.16kg,1
0.16 - 0.30kg,1
0.09 lb,1
0.06 - 0.17ea,1
0.05 - 0.40kg,1
0.02,1
0.01 - 0.02kg,1
0% M.F.750g,1
0% (no fat) cottage cheese,1
-Newly Up to 45% off Clearance,1
"- Uncooked
- Boneless
- Skinless",1
,
- Peanut Butter Lovers100g,1
- - Alloy Coffee Tea-leaves Bottle Coffee Can Alloy Bottle Coffee And Tea Bottle And Bean Tea-leaves Beans - Can Alloy Jar Coffee Spill Proof Essential Secure And Spill,1
",Value Pack.40 Each",1
",Value Pack.1 Each",1
",Non Alcoholic,355ml355 Millilitre",1
",Family Pack1kg",1
",Chocolate & Almond Granola Cereal352g",1
",Chocolate & Almond Granola Cereal325g",1
",946 Millilitre",1
",5 Each ,175g.5 Each",1
",5 Each ,175g.175g",1
",4 Cheese.318g",1
",368 g.138g",1
",3 Each",1
",200g",1
",15 Bars.15 Each",1
",15 Bars.1 Each",1
",1400g",1
",1.8 kg.4 Each",1
(8 packets of 39 grams),1
(255 gram bag),1
(12x25g),1
($8.97 per item),1
($70.49 per item),1
($7.49 per item),1
($6.97 per item),1
($6.79 per item),1
($6.59 per item),1
($6.00 per item),1
($57.00 per item),1
($5.69 per item),1
($4.39 per item),1
($4.19 per item),1
($39.99 per item),1
($35.29 per item),1
($34.99 per item),1
($32.99 per item),1
($30.00 per item),1
($3.89 per item),1
($27.99 per item),1
($21.99 per item),1
($2.89 per item),1
($2.16 per item),1
($2.09 per item),1
($19.99 per item),1
($14.99 per item),1
($1.66 per item),1
($1.24 per item),1
($1.09 per item),1
($0.66 per item),1
($0.50 per item),1
($0.39 per item),1
($0.38 per item),1
($0.25 per item),1
( ),1
$95.88/1kg $43.50/1lb,1
$94.99 ,1
$9.92/1kg $4.50/1lb,1
$9.90/1kg,1
$9.67/1kg $4.39/1lb,1
$9.45/1kg $4.29/1lb,1
$9.02/1kg $4.09/1lb,1
$89.98 ,1
$88.16/1kg $40.00/1lb,1
$8.81/1kg $4.00/1lb,1
$8.77/1kg $3.98/1lb,1
$8.58/1kg $3.89/1lb,1
$8.57/1kg $3.89/1lb,1
$8.35/1kg $3.79/1lb,1
$8.13/1kg $3.69/1lb,1
$8.00/1kg $3.63/1lb,1
$79.99 ,1
$79.00/1kg,1
$74.94/1kg $34.00/1lb,1
$72.73/1kg $33.00/1lb,1
$71.99 ,1
$7.91/1kg $3.59/1lb,1
$7.90/100g,1
$7.86/1kg $3.57/1lb,1
$7.71/1kg $3.50/1lb,1
$7.70/1kg $3.49/1lb,1
$7.70/100g $77.03/1kg,1
$7.47/1kg $3.39/1lb,1
$7.29 ,1
$7.25/1kg $3.29/1lb,1
$7.19/100g $32.62/1lb,1
$7.01/1kg,1
$69.98 ,1
$69.90/1kg $31.72/1lb,1
$69.42/1kg $31.50/1lb,1
$67.90/1kg,1
$67.88/1kg $30.80/1lb,1
$65.01/1kg $29.50/1lb,1
$65.00/1kg $29.49/1lb,1
$64.58/1kg $29.30/1lb,1
$6.99/100g $31.72/1lb,1
$6.99/100g,1
$6.61/100g $66.12/1kg,1
$59.90/1kg $27.18/1lb,1
$58.84/1kg $26.70/1lb,1
$57.90/1kg $26.27/1lb,1
$57.90/1kg,1
$56.99 ,1
$56.90/1kg $25.82/1lb,1
$56.90/1kg,1
$56.42/1kg $25.60/1lb,1
$54.00/1kg,1
$52.91/1kg $24.01/1lb,1
$51.90/1kg $23.55/1lb,1
$51.90/1kg,1
$51.78/1kg $23.49/1lb,1
$50.00/1kg,1
"$5.99
EA",1
,
$5.79/100g $57.90/1kg,1
$5.50/1kg $2.50/1lb,1
$5.40/100g,1
$5.29/100g $24.00/1lb,1
$5.27/1kg $2.39/1lb,1
$48.46/1kg $21.99/1lb,1
$47.90/1kg $21.73/1lb,1
$47.82/1kg $21.70/1lb,1
$47.38/1kg $21.50/1lb,1
$47.37/1kg $21.49/1lb,1
$46.26/1kg $20.99/1lb,1
$45.98 ,1
$44.99 ,1
$43.85/1kg $19.90/1lb,1
$42.90/1kg,1
$42.53/1kg $19.30/1lb,1
$40.76/1kg $18.49/1lb,1
$4.99/1kg $2.26/1lb,1
$4.99/100g,1
$4.79/100g $47.90/1kg,1
$4.79/100g $21.73/1lb,1
$4.69/100g $46.90/1kg,1
$4.69/100g,1
$4.59/100g $20.83/1lb,1
$4.49/1kg $2.04/1lb,1
$4.49/100g,1
$4.48 ,1
$4.41/1kg,1
$4.40/1kg $2.00/1lb,1
$4.37/1kg,1
$4.32/1kg $1.96/1lb,1
$4.29/100g $19.46/1lb,1
$4.25/1kg,1
$4.19/100g $19.01/1lb,1
$4.14/1kg,1
$4.09/100g $18.56/1lb,1
$38.71/1kg $17.56/1lb,1
$38.34/1kg $17.40/1lb,1
$37.90/1kg $17.20/1lb,1
$37.48/1kg $17.01/1lb,1
$37.32/1kg,1
$36.99 ,1
$35.25/1kg,1
"$34.99
EA",1
,
$34.99 ,1
$33.67/1kg,1
$33.53/1kg $15.21/1lb,1
$33.33/1kg $15.12/1lb,1
$33.27/1kg $15.10/1lb,1
"$32.99
EA",1
,
$32.92/1kg,1
$31.99 ,1
$31.98 ,1
$30.87/1kg $14.01/1lb,1
$3.99/100g $39.90/1kg,1
$3.79/100g $17.20/1lb,1
$3.69/100g $16.74/1lb,1
$3.54/100g $35.35/1kg,1
$3.54/100g $16.04/1lb,1
$3.52/100g $15.96/1lb,1
$3.51/1kg $1.59/1lb,1
$3.49/100g $34.90/1kg,1
"$3.49
EA",1
,
$3.44/100g,1
$3.35/100g $15.21/1lb,1
$3.30/1kg $1.50/1lb,1
$3.29/100g $32.90/1kg,1
$3.29/100g $14.93/1lb,1
$3.29/100g,1
$3.29 ,1
$3.26/1kg $1.48/1lb,1
$3.19 ,1
$3.08/100g $30.84/1kg,1
$29.96/1kg $13.59/1lb,1
$29.92/1kg,1
$28.90/1kg,1
$28.63/1kg,1
$28.39/1kg $12.88/1lb,1
$27.98/1kg $12.70/1lb,1
$27.97/1kg $12.69/1lb,1
$27.54/1kg,1
$27.53/1kg $12.49/1lb,1
$26.98 ,1
$26.92/1kg,1
$26.90/1kg,1
$26.87/1kg $12.19/1lb,1
$26.65/1kg $12.09/1lb,1
$26.44/1kg $12.00/1lb,1
$26.17/1kg,1
$25.90/1kg $11.75/1lb,1
$25.90/1kg,1
$25.77/1kg $11.69/1lb,1
$24.90/1kg $11.30/1lb,1
$24.89/1kg,1
$24.67/1kg,1
$24.45/1kg $11.09/1lb,1
$24.21/1kg $10.98/1lb,1
$24.01/1kg $10.89/1lb,1
$230.00 ,1
$23.99/1kg $10.88/1lb,1
$23.57/1kg $10.69/1lb,1
$23.56/1kg $10.69/1lb,1
$23.35/1kg $10.59/1lb,1
$23.10/1kg $10.48/1lb,1
$22.91/1kg $10.39/1lb,1
$22.68/1kg $10.29/1lb,1
$22.46/1kg $10.19/1lb,1
$22.05/1kg $10.00/1lb,1
$22.02/1kg,1
$21.98 ,1
$21.90/1kg $9.94/1lb,1
$21.54/1kg $9.77/1lb,1
$20.90/1kg,1
$20.00 ,1
$2.99/100g,1
"$2.99
PK",1
,
$2.86/100g $28.64/1kg,1
$2.86/100g $28.63/1kg,1
$2.69 ,1
$2.49/1lb,1
$2.49/100g $11.30/1lb,1
$2.49/100g,1
$2.48 ,1
$2.40/1kg $1.09/1lb,1
$2.39 ,1
$2.20/1kg $1.00/1lb,1
$2.19 ,1
$199.99 ,1
$19.81/1kg $8.99/1lb,1
$19.72/1kg $8.95/1lb,1
$19.16/1kg $8.69/1lb,1
$18.98 ,1
$18.88 ,1
$18.06/1kg $8.19/1lb,1
"$17.99
EA",1
,
$17.90/1kg,1
$17.84/1kg $8.09/1lb,1
$17.69/1kg $8.03/1lb,1
$17.64/1kg $8.00/1lb,1
$17.60/1kg $7.99/1lb,1
$17.31/1kg $7.85/1lb,1
$17.00/1kg,1
$16.99 ,1
$16.90/1kg $7.67/1lb,1
$159.99 ,1
$15.92/1kg $7.22/1lb,1
$15.19/1kg $6.89/1lb,1
$149.89/1kg $68.01/1lb,1
$14.31/1kg,1
$14.20/1kg $6.44/1lb,1
$14.09/1kg $6.39/1lb,1
$139.99 ,1
$13.87/1kg,1
$123.44/1kg $56.01/1lb,1
$12.77/1kg $5.79/1lb,1
$12.76/1kg $5.79/1lb,1
$12.49 ,1
$12.43/1kg $5.64/1lb,1
$12.09/100g,1
$12.00/1kg $5.44/1lb,1
$110.21/1kg $50.00/1lb,1
$11.66/1kg,1
$11.44/1kg,1
$11.40/1kg $5.17/1lb,1
$11.23/1kg $5.10/1lb,1
$103.60/1kg $47.01/1lb,1
$1.99/100g,1
$1.98/100g $19.84/1kg,1
$1.98/100g $19.82/1kg,1
$1.96/1kg $0.89/1lb,1
$1.87/100g $18.74/1kg,1
$1.76/100g $17.64/1kg,1
$1.74/1kg $0.79/1lb,1
$1.70/100g,1
$1.69/1lb,1
$1.69/100g $7.67/1lb,1
$1.69/100g,1
$1.49/100g $6.76/1lb,1
$1.49/100g,1
$1.48 ,1
$1.32/100g $5.99/1lb,1
$1.32/100g,1
$1.29/1kg $0.59/1lb,1
$1.29/100g,1
$1.28 ,1
$0.99/100g $9.90/1kg,1
$0.77/100g $7.69/1kg,1
$0.66/100g $6.61/1kg,1
$0.59/1lb,1
$0.55/100g $5.49/1kg,1
$0.54/100g $5.38/1kg,1
$0.33/100g $3.28/1kg,1
808g,1
311g,1
198g,1
LB,1
BX,1
"Premium Quality - Made With Freshly Harvested Premium Tuscan Tomatoes
No Need To Use It All At Once
Authentic Taste - Premium Extraordinary Noticeably Fine Taste & Texture
Naturally Better - Packed In",1
,
"No Preservatives
Ready To Eat Right Out Of The Bag!
Snacking & For all Your Recipes
",1
,
"Delicious - Get that authentic Italian dinner taste from the comfort of your own home. This flavorful potato gnocchi will have your loved ones and guests asking for more.
Easy to Prepare - Got home late and need to whip up something fast? Just boil in slightly salted wate",1
,
"Authentic Mediterranean Sea Salt from Sicily Italy
Perfect for cooking and seasoning
All Natural
Can be used for salt baths
Certified kosher for passover and all year round
",1
,
"A smart little snack you can feel really good about
Non-GMO
Peanut Free
Nothing Artificial
Kosher
",1
,
"                                                                                                                $34.99
EA
",1
,
"                                                                                                                $32.99
EA
",1
,
"                                                                                                                $3.49
EA
",1
,
"                                                                                                                $17.99
EA
",1
,
